<?xml version="1.0" encoding="UTF-8"?>
<!DOCTYPE html PUBLIC "-//W3C//DTD XHTML 1.0 Transitional//EN"
    "http://www.w3.org/TR/xhtml1/DTD/xhtml1-transitional.dtd">
<html xmlns="http://www.w3.org/1999/xhtml" xml:lang="en" lang="en">
 <head>
  <title>
</title>
<meta http-equiv="Content-Type" content="text/html;charset=utf-8" />
  <meta name='ocr-system' content='tesseract 3.04.00' />
  <meta name='ocr-capabilities' content='ocr_page ocr_carea ocr_par ocr_line ocrx_word'/>
</head>
<body>
  <div class='ocr_page' id='page_1' title='image "./dehistoriafabula00osteuoft_0035.png"; bbox 0 0 1857 3089; ppageno 0'>
   <div class='ocr_carea' id='block_1_1' title="bbox 772 225 1050 267">
    <p class='ocr_par' dir='ltr' id='par_1_1' title="bbox 772 225 1050 267">
     <span class='ocr_line' id='line_1_1' title="bbox 772 225 1050 267; baseline -0.007 -12"><span class='ocrx_word' id='word_1_1' title='bbox 772 225 1050 267; x_wconf 56' lang='grc'>,27-</span> 
     </span>
    </p>
   </div>
   <div class='ocr_carea' id='block_1_2' title="bbox 200 328 1623 783">
    <p class='ocr_par' dir='ltr' id='par_1_2' title="bbox 200 328 1623 783">
     <span class='ocr_line' id='line_1_2' title="bbox 202 328 1622 379; baseline -0.003 -11"><span class='ocrx_word' id='word_1_2' title='bbox 202 345 282 369; x_wconf 91' lang='lat' dir='ltr'>non</span> <span class='ocrx_word' id='word_1_3' title='bbox 311 343 426 379; x_wconf 86' lang='lat' dir='ltr'>saepe</span> <span class='ocrx_word' id='word_1_4' title='bbox 462 330 504 366; x_wconf 88' lang='lat' dir='ltr'>in</span> <span class='ocrx_word' id='word_1_5' title='bbox 534 330 739 378; x_wconf 89' lang='lat' dir='ltr'>proscenio</span> <span class='ocrx_word' id='word_1_6' title='bbox 770 330 866 375; x_wconf 82' lang='lat' dir='ltr'>fuit,</span> <span class='ocrx_word' id='word_1_7' title='bbox 908 341 994 366; x_wconf 91' lang='lat' dir='ltr'>cum</span> <span class='ocrx_word' id='word_1_8' title='bbox 1025 328 1193 365; x_wconf 78' lang='lat' dir='ltr'>Athenis</span> <span class='ocrx_word' id='word_1_9' title='bbox 1223 329 1466 376; x_wconf 80' lang='lat' dir='ltr'>temporibus</span> <span class='ocrx_word' id='word_1_10' title='bbox 1497 340 1622 365; x_wconf 81' lang='lat' dir='ltr'>novae</span> 
     </span>
     <span class='ocr_line' id='line_1_3' title="bbox 202 392 1621 446; baseline -0.004 -10"><span class='ocrx_word' id='word_1_11' title='bbox 202 398 423 437; x_wconf 89' lang='lat' dir='ltr'>comoediae</span> <span class='ocrx_word' id='word_1_12' title='bbox 463 410 532 446; x_wconf 89' lang='lat' dir='ltr'>per</span> <span class='ocrx_word' id='word_1_13' title='bbox 564 392 765 434; x_wconf 84' lang='grc' dir='ltr'><em>Διονύσου</em></span> <span class='ocrx_word' id='word_1_14' title='bbox 795 395 964 444; x_wconf 81' lang='grc' dir='ltr'><strong><em>τεχνίτας</em></strong></span> <span class='ocrx_word' id='word_1_15' title='bbox 993 395 1097 432; x_wconf 82' lang='lat' dir='ltr'>Aiax</span> <span class='ocrx_word' id='word_1_16' title='bbox 1140 408 1219 432; x_wconf 89' lang='lat' dir='ltr'>non</span> <span class='ocrx_word' id='word_1_17' title='bbox 1261 395 1378 432; x_wconf 88' lang='lat' dir='ltr'>semel</span> <span class='ocrx_word' id='word_1_18' title='bbox 1419 407 1621 442; x_wconf 88' lang='lat' dir='ltr'>represen-</span> 
     </span>
     <span class='ocr_line' id='line_1_4' title="bbox 201 463 1619 512; baseline -0.004 -9"><span class='ocrx_word' id='word_1_19' title='bbox 201 468 368 510; x_wconf 83' lang='lat' dir='ltr'>taretur,</span> <span class='ocrx_word' id='word_1_20' title='bbox 409 470 452 503; x_wconf 94' lang='lat' dir='ltr'>ut</span> <span class='ocrx_word' id='word_1_21' title='bbox 490 465 532 502; x_wconf 92' lang='lat' dir='ltr'>in</span> <span class='ocrx_word' id='word_1_22' title='bbox 575 477 662 502; x_wconf 89' lang='lat' dir='ltr'>eum</span> <span class='ocrx_word' id='word_1_23' title='bbox 702 465 742 501; x_wconf 88' lang='lat' dir='ltr'>in</span> <span class='ocrx_word' id='word_1_24' title='bbox 783 463 987 512; x_wconf 86' lang='lat' dir='ltr'>proscenio</span> <span class='ocrx_word' id='word_1_25' title='bbox 1020 466 1198 500; x_wconf 86' lang='lat' dir='ltr'>ornatum</span> <span class='ocrx_word' id='word_1_26' title='bbox 1239 466 1278 500; x_wconf 89' lang='lat' dir='ltr'>et</span> <span class='ocrx_word' id='word_1_27' title='bbox 1308 466 1619 511; x_wconf 80' lang='lat' dir='ltr'>representatum</span> 
     </span>
     <span class='ocr_line' id='line_1_5' title="bbox 204 530 1621 581; baseline -0.002 -12"><span class='ocrx_word' id='word_1_28' title='bbox 204 536 345 581; x_wconf 87' lang='lat' dir='ltr'>poetae</span> <span class='ocrx_word' id='word_1_29' title='bbox 377 533 513 571; x_wconf 87' lang='lat' dir='ltr'>comici</span> <span class='ocrx_word' id='word_1_30' title='bbox 536 532 707 569; x_wconf 89' lang='lat' dir='ltr'>alludere</span> <span class='ocrx_word' id='word_1_31' title='bbox 728 536 899 580; x_wconf 81' lang='lat' dir='ltr'>possent.</span> <span class='ocrx_word' id='word_1_32' title='bbox 959 531 1162 568; x_wconf 82' lang='lat' dir='ltr'>Habemus</span> <span class='ocrx_word' id='word_1_33' title='bbox 1193 531 1308 567; x_wconf 88' lang='lat' dir='ltr'>etiam</span> <span class='ocrx_word' id='word_1_34' title='bbox 1340 530 1458 567; x_wconf 90' lang='lat' dir='ltr'>talem</span> <span class='ocrx_word' id='word_1_35' title='bbox 1488 543 1621 578; x_wconf 89' lang='lat' dir='ltr'>perso-</span> 
     </span>
     <span class='ocr_line' id='line_1_6' title="bbox 202 597 1620 648; baseline -0.001 -12"><span class='ocrx_word' id='word_1_36' title='bbox 202 612 338 637; x_wconf 86' lang='lat' dir='ltr'>narum</span> <span class='ocrx_word' id='word_1_37' title='bbox 370 600 611 638; x_wconf 88' lang='lat' dir='ltr'>mentionem</span> <span class='ocrx_word' id='word_1_38' title='bbox 653 600 754 647; x_wconf 88' lang='lat' dir='ltr'>apud</span> <span class='ocrx_word' id='word_1_39' title='bbox 786 599 1029 648; x_wconf 86' lang='lat' dir='ltr'>Hyperidem</span> <span class='ocrx_word' id='word_1_40' title='bbox 1069 598 1109 634; x_wconf 91' lang='lat' dir='ltr'>in</span> <span class='ocrx_word' id='word_1_41' title='bbox 1142 602 1237 635; x_wconf 89' lang='lat' dir='ltr'>orat.</span> <span class='ocrx_word' id='word_1_42' title='bbox 1268 611 1338 646; x_wconf 91' lang='lat' dir='ltr'>pro</span> <span class='ocrx_word' id='word_1_43' title='bbox 1372 597 1620 646; x_wconf 85' lang='lat' dir='ltr'>Lycophron.</span> 
     </span>
     <span class='ocr_line' id='line_1_7' title="bbox 202 659 1623 717; baseline -0.003 -13"><span class='ocrx_word' id='word_1_44' title='bbox 202 667 270 704; x_wconf 89' lang='lat' dir='ltr'>VI.</span> <span class='ocrx_word' id='word_1_45' title='bbox 303 671 354 704; x_wconf 88' lang='grc'>20</span> <span class='ocrx_word' id='word_1_46' title='bbox 386 680 465 717; x_wconf 87' lang='lat' dir='ltr'>eqs.</span> <span class='ocrx_word' id='word_1_47' title='bbox 505 668 579 717; x_wconf 90' lang='lat' dir='ltr'>(ed.</span> <span class='ocrx_word' id='word_1_48' title='bbox 611 666 730 704; x_wconf 88' lang='lat' dir='ltr'>Blass.</span> <span class='ocrx_word' id='word_1_49' title='bbox 762 679 824 714; x_wconf 87' lang='lat' dir='ltr'>pg.</span> <span class='ocrx_word' id='word_1_50' title='bbox 859 665 947 715; x_wconf 83' lang='lat'>25):</span> <span class='ocrx_word' id='word_1_51' title='bbox 991 662 1056 702; x_wconf 82' lang='grc' dir='ltr'>καὶ</span> <span class='ocrx_word' id='word_1_52' title='bbox 1100 666 1221 701; x_wconf 82' lang='grc' dir='ltr'><strong><em>ταῦτα</em></strong></span> <span class='ocrx_word' id='word_1_53' title='bbox 1252 664 1361 701; x_wconf 79' lang='grc' dir='ltr'><strong><em>δοκεῖ</em></strong></span> <span class='ocrx_word' id='word_1_54' title='bbox 1400 659 1447 701; x_wconf 72' lang='grc' dir='ltr'>ἂν</span> <span class='ocrx_word' id='word_1_55' title='bbox 1477 659 1567 712; x_wconf 71' lang='grc' dir='ltr'><strong><em>ὑμῖν</em></strong></span> <span class='ocrx_word' id='word_1_56' title='bbox 1597 659 1623 712; x_wconf 80' lang='grc' dir='ltr'><em>ἢ</em></span> 
     </span>
     <span class='ocr_line' id='line_1_8' title="bbox 200 728 1290 783; baseline -0.001 -13"><span class='ocrx_word' id='word_1_57' title='bbox 200 733 304 778; x_wconf 83' lang='grc' dir='ltr'><strong><em>Αἴας</em></strong></span> <span class='ocrx_word' id='word_1_58' title='bbox 333 732 479 779; x_wconf 82' lang='grc' dir='ltr'><strong><em>ἐκεῖνος</em></strong></span> <span class='ocrx_word' id='word_1_59' title='bbox 508 729 531 772; x_wconf 79' lang='grc' dir='ltr'><em>ὅ</em></span> <span class='ocrx_word' id='word_1_60' title='bbox 559 730 794 783; x_wconf 82' lang='grc' dir='ltr'><strong><em>μαινόμενος</em></strong></span> <span class='ocrx_word' id='word_1_61' title='bbox 822 734 983 781; x_wconf 85' lang='grc' dir='ltr'><strong><em>ποιῆσαι</em></strong></span> <span class='ocrx_word' id='word_1_62' title='bbox 1013 728 1040 781; x_wconf 83' lang='grc' dir='ltr'><em>ἢ</em></span> <span class='ocrx_word' id='word_1_63' title='bbox 1070 731 1290 783; x_wconf 82' lang='grc' dir='ltr'><strong><em>Μαργίτης.</em></strong></span> 
     </span>
    </p>
   </div>
   <div class='ocr_carea' id='block_1_3' title="bbox 198 868 1624 1598">
    <p class='ocr_par' dir='ltr' id='par_1_3' title="bbox 201 868 1622 986">
     <span class='ocr_line' id='line_1_9' title="bbox 312 868 1622 918; baseline -0.002 -11"><span class='ocrx_word' id='word_1_64' title='bbox 312 870 358 906; x_wconf 94' lang='lat' dir='ltr'>In</span> <span class='ocrx_word' id='word_1_65' title='bbox 380 870 408 907; x_wconf 88' lang='lat' dir='ltr'>C</span> <span class='ocrx_word' id='word_1_66' title='bbox 417 870 585 907; x_wconf 87' lang='lat' dir='ltr'>asinae</span> <span class='ocrx_word' id='word_1_67' title='bbox 615 873 724 907; x_wconf 87' lang='lat' dir='ltr'>actus</span> <span class='ocrx_word' id='word_1_68' title='bbox 746 869 907 907; x_wconf 88' lang='lat' dir='ltr'>alterius</span> <span class='ocrx_word' id='word_1_69' title='bbox 930 881 1046 906; x_wconf 87' lang='lat' dir='ltr'>scena</span> <span class='ocrx_word' id='word_1_70' title='bbox 1068 872 1181 906; x_wconf 83' lang='lat' dir='ltr'>sexta</span> <span class='ocrx_word' id='word_1_71' title='bbox 1211 869 1285 905; x_wconf 90' lang='lat' dir='ltr'>duo</span> <span class='ocrx_word' id='word_1_72' title='bbox 1309 868 1410 906; x_wconf 84' lang='lat' dir='ltr'>servi</span> <span class='ocrx_word' id='word_1_73' title='bbox 1443 868 1509 918; x_wconf 89' lang='lat' dir='ltr'>qui</span> <span class='ocrx_word' id='word_1_74' title='bbox 1542 881 1622 905; x_wconf 90' lang='lat' dir='ltr'>sor-</span> 
     </span>
     <span class='ocr_line' id='line_1_10' title="bbox 201 936 1508 986; baseline -0.002 -11"><span class='ocrx_word' id='word_1_75' title='bbox 201 937 390 976; x_wconf 84' lang='lat' dir='ltr'>tientibus</span> <span class='ocrx_word' id='word_1_76' title='bbox 421 937 577 974; x_wconf 90' lang='lat' dir='ltr'>domino</span> <span class='ocrx_word' id='word_1_77' title='bbox 609 941 649 975; x_wconf 89' lang='lat' dir='ltr'>et</span> <span class='ocrx_word' id='word_1_78' title='bbox 680 937 763 974; x_wconf 90' lang='lat' dir='ltr'>eius</span> <span class='ocrx_word' id='word_1_79' title='bbox 794 937 909 974; x_wconf 86' lang='lat' dir='ltr'>uxori</span> <span class='ocrx_word' id='word_1_80' title='bbox 940 938 1093 982; x_wconf 88' lang='lat' dir='ltr'>adsunt,</span> <span class='ocrx_word' id='word_1_81' title='bbox 1124 936 1179 974; x_wconf 90' lang='lat' dir='ltr'>ita</span> <span class='ocrx_word' id='word_1_82' title='bbox 1210 937 1508 986; x_wconf 88' lang='lat' dir='ltr'>colloquuntur:</span> 
     </span>
    </p>

    <p class='ocr_par' dir='ltr' id='par_1_4' title="bbox 315 1004 1361 1056">
     <span class='ocr_line' id='line_1_11' title="bbox 315 1004 1361 1056; baseline 0 -15"><span class='ocrx_word' id='word_1_83' title='bbox 315 1005 420 1042; x_wconf 87' lang='lat' dir='ltr'>Deos</span> <span class='ocrx_word' id='word_1_84' title='bbox 450 1018 608 1056; x_wconf 83' lang='lat' dir='ltr'>quaeso,</span> <span class='ocrx_word' id='word_1_85' title='bbox 640 1009 684 1043; x_wconf 91' lang='lat' dir='ltr'>ut</span> <span class='ocrx_word' id='word_1_86' title='bbox 714 1009 781 1042; x_wconf 90' lang='lat' dir='ltr'>tua</span> <span class='ocrx_word' id='word_1_87' title='bbox 811 1018 894 1042; x_wconf 86' lang='lat' dir='ltr'>sors</span> <span class='ocrx_word' id='word_1_88' title='bbox 926 1018 976 1042; x_wconf 81' lang='lat' dir='ltr'>ex</span> <span class='ocrx_word' id='word_1_89' title='bbox 1007 1004 1137 1042; x_wconf 83' lang='lat' dir='ltr'>citella</span> <span class='ocrx_word' id='word_1_90' title='bbox 1168 1004 1361 1052; x_wconf 85' lang='lat' dir='ltr'>effugerit.</span> 
     </span>
    </p>

    <p class='ocr_par' dir='ltr' id='par_1_5' title="bbox 315 1069 1621 1124">
     <span class='ocr_line' id='line_1_12' title="bbox 315 1069 1621 1124; baseline -0.003 -14"><span class='ocrx_word' id='word_1_91' title='bbox 315 1073 391 1109; x_wconf 92' lang='lat' dir='ltr'>Ain</span> <span class='ocrx_word' id='word_1_92' title='bbox 422 1071 488 1110; x_wconf 88' lang='lat' dir='ltr'>tu?</span> <span class='ocrx_word' id='word_1_93' title='bbox 521 1073 613 1124; x_wconf 91' lang='lat' dir='ltr'>quid</span> <span class='ocrx_word' id='word_1_94' title='bbox 644 1077 728 1110; x_wconf 91' lang='lat' dir='ltr'>tute</span> <span class='ocrx_word' id='word_1_95' title='bbox 759 1085 799 1110; x_wconf 88' lang='lat' dir='ltr'>es</span> <span class='ocrx_word' id='word_1_96' title='bbox 841 1072 1044 1120; x_wconf 86' lang='lat' dir='ltr'>fugitivus,</span> <span class='ocrx_word' id='word_1_97' title='bbox 1077 1085 1210 1109; x_wconf 81' lang='lat' dir='ltr'>omnes</span> <span class='ocrx_word' id='word_1_98' title='bbox 1240 1075 1278 1109; x_wconf 91' lang='lat' dir='ltr'>te</span> <span class='ocrx_word' id='word_1_99' title='bbox 1308 1071 1453 1109; x_wconf 89' lang='lat' dir='ltr'>imitari</span> <span class='ocrx_word' id='word_1_100' title='bbox 1485 1069 1621 1119; x_wconf 84' lang='lat' dir='ltr'>cupis?</span> 
     </span>
    </p>

    <p class='ocr_par' dir='ltr' id='par_1_6' title="bbox 313 1139 1492 1191">
     <span class='ocr_line' id='line_1_13' title="bbox 313 1139 1492 1191; baseline -0.003 -13"><span class='ocrx_word' id='word_1_101' title='bbox 313 1141 386 1178; x_wconf 90' lang='lat' dir='ltr'>Sed</span> <span class='ocrx_word' id='word_1_102' title='bbox 418 1140 565 1178; x_wconf 89' lang='lat' dir='ltr'>utinam</span> <span class='ocrx_word' id='word_1_103' title='bbox 597 1144 665 1177; x_wconf 88' lang='lat' dir='ltr'>tua</span> <span class='ocrx_word' id='word_1_104' title='bbox 695 1140 863 1191; x_wconf 86' lang='lat' dir='ltr'>quidem,</span> <span class='ocrx_word' id='word_1_105' title='bbox 896 1140 997 1177; x_wconf 90' lang='lat' dir='ltr'>sicut</span> <span class='ocrx_word' id='word_1_106' title='bbox 1025 1139 1234 1176; x_wconf 84' lang='lat' dir='ltr'>Herculeis</span> <span class='ocrx_word' id='word_1_107' title='bbox 1264 1139 1492 1188; x_wconf 87' lang='lat' dir='ltr'>praedicant</span> 
     </span>
    </p>

    <p class='ocr_par' dir='ltr' id='par_1_7' title="bbox 198 1207 1624 1598">
     <span class='ocr_line' id='line_1_14' title="bbox 315 1207 1535 1256; baseline -0.001 -12"><span class='ocrx_word' id='word_1_108' title='bbox 315 1207 521 1248; x_wconf 77' lang='lat' dir='ltr'>Quondam</span> <span class='ocrx_word' id='word_1_109' title='bbox 551 1208 764 1256; x_wconf 85' lang='lat' dir='ltr'>prognatis,</span> <span class='ocrx_word' id='word_1_110' title='bbox 797 1208 872 1245; x_wconf 87' lang='lat' dir='ltr'>ista</span> <span class='ocrx_word' id='word_1_111' title='bbox 901 1208 943 1244; x_wconf 91' lang='lat' dir='ltr'>in</span> <span class='ocrx_word' id='word_1_112' title='bbox 975 1207 1173 1244; x_wconf 89' lang='lat' dir='ltr'>sortiendo</span> <span class='ocrx_word' id='word_1_113' title='bbox 1206 1221 1288 1244; x_wconf 89' lang='lat' dir='ltr'>sors</span> <span class='ocrx_word' id='word_1_114' title='bbox 1319 1207 1535 1244; x_wconf 87' lang='lat' dir='ltr'>delicuerit.</span> 
     </span>
     <span class='ocr_line' id='line_1_15' title="bbox 200 1275 1621 1324; baseline -0.001 -12"><span class='ocrx_word' id='word_1_115' title='bbox 200 1275 375 1324; x_wconf 83' lang='lat' dir='ltr'>Respicit</span> <span class='ocrx_word' id='word_1_116' title='bbox 404 1276 465 1312; x_wconf 91' lang='lat' dir='ltr'>his</span> <span class='ocrx_word' id='word_1_117' title='bbox 502 1275 681 1313; x_wconf 84' lang='lat' dir='ltr'>versibus</span> <span class='ocrx_word' id='word_1_118' title='bbox 721 1280 837 1323; x_wconf 90' lang='lat' dir='ltr'>poeta</span> <span class='ocrx_word' id='word_1_119' title='bbox 866 1275 1096 1313; x_wconf 84' lang='lat' dir='ltr'>Heraclidas</span> <span class='ocrx_word' id='word_1_120' title='bbox 1127 1275 1358 1321; x_wconf 87' lang='lat' dir='ltr'>Temenum,</span> <span class='ocrx_word' id='word_1_121' title='bbox 1402 1275 1621 1323; x_wconf 85' lang='lat' dir='ltr'>Cresphon-</span> 
     </span>
     <span class='ocr_line' id='line_1_16' title="bbox 198 1342 1620 1393; baseline -0.001 -13"><span class='ocrx_word' id='word_1_122' title='bbox 198 1347 275 1380; x_wconf 91' lang='lat' dir='ltr'>tem</span> <span class='ocrx_word' id='word_1_123' title='bbox 307 1343 622 1393; x_wconf 87' lang='lat' dir='ltr'>Aristodemique</span> <span class='ocrx_word' id='word_1_124' title='bbox 653 1342 773 1389; x_wconf 83' lang='lat' dir='ltr'>filios,</span> <span class='ocrx_word' id='word_1_125' title='bbox 817 1356 981 1393; x_wconf 89' lang='lat' dir='ltr'>quorum</span> <span class='ocrx_word' id='word_1_126' title='bbox 1025 1344 1070 1380; x_wconf 92' lang='lat' dir='ltr'>de</span> <span class='ocrx_word' id='word_1_127' title='bbox 1111 1343 1316 1380; x_wconf 89' lang='lat' dir='ltr'>sortitione</span> <span class='ocrx_word' id='word_1_128' title='bbox 1358 1346 1489 1379; x_wconf 87' lang='lat' dir='ltr'>narrat</span> <span class='ocrx_word' id='word_1_129' title='bbox 1520 1343 1620 1378; x_wconf 85' lang='lat' dir='ltr'>Pau-</span> 
     </span>
     <span class='ocr_line' id='line_1_17' title="bbox 199 1404 1623 1460; baseline -0.001 -13"><span class='ocrx_word' id='word_1_130' title='bbox 199 1410 346 1456; x_wconf 85' lang='lat' dir='ltr'>sanias,</span> <span class='ocrx_word' id='word_1_131' title='bbox 384 1412 430 1448; x_wconf 85' lang='lat' dir='ltr'>cf.</span> <span class='ocrx_word' id='word_1_132' title='bbox 462 1411 529 1448; x_wconf 91' lang='lat' dir='ltr'>IV.</span> <span class='ocrx_word' id='word_1_133' title='bbox 563 1415 598 1457; x_wconf 90' lang='lat'>3,</span> <span class='ocrx_word' id='word_1_134' title='bbox 634 1414 679 1449; x_wconf 88' lang='lat'>5:</span> <span class='ocrx_word' id='word_1_135' title='bbox 740 1406 997 1459; x_wconf 78' lang='grc' dir='ltr'><strong><em>Κρεσφόντης</em></strong></span> <span class='ocrx_word' id='word_1_136' title='bbox 1038 1409 1076 1446; x_wconf 83' lang='grc' dir='ltr'>ὁὶ</span> <span class='ocrx_word' id='word_1_137' title='bbox 1120 1407 1318 1460; x_wconf 81' lang='grc' dir='ltr'><strong><em>(γενέσθαι</em></strong></span> <span class='ocrx_word' id='word_1_138' title='bbox 1358 1404 1429 1459; x_wconf 69' lang='grc' dir='ltr'>γαρ</span> <span class='ocrx_word' id='word_1_139' title='bbox 1472 1407 1511 1446; x_wconf 86' lang='grc' dir='ltr'>οἷ</span> <span class='ocrx_word' id='word_1_140' title='bbox 1545 1404 1623 1456; x_wconf 79' lang='grc' dir='ltr'>ἥθε</span> 
     </span>
     <span class='ocr_line' id='line_1_18' title="bbox 198 1472 1622 1528; baseline 0 -15"><span class='ocrx_word' id='word_1_141' title='bbox 198 1479 237 1514; x_wconf 82' lang='grc' dir='ltr'>λε</span> <span class='ocrx_word' id='word_1_142' title='bbox 259 1472 330 1525; x_wconf 79' lang='grc' dir='ltr'>τὴν</span> <span class='ocrx_word' id='word_1_143' title='bbox 361 1477 593 1526; x_wconf 86' lang='grc' dir='ltr'><strong><em>Μεσσηνίαν</em></strong></span> <span class='ocrx_word' id='word_1_144' title='bbox 624 1473 781 1522; x_wconf 77' lang='grc' dir='ltr'><strong><em>πάντως</em></strong></span> <span class='ocrx_word' id='word_1_145' title='bbox 812 1479 968 1528; x_wconf 80' lang='grc' dir='ltr'><strong><em>μοῖραν)</em></strong></span> <span class='ocrx_word' id='word_1_146' title='bbox 1006 1476 1182 1526; x_wconf 80' lang='grc' dir='ltr'><strong><em>Τημένου</em></strong></span> <span class='ocrx_word' id='word_1_147' title='bbox 1215 1477 1349 1523; x_wconf 82' lang='grc' dir='ltr'><strong><em>δεῖται,</em></strong></span> <span class='ocrx_word' id='word_1_148' title='bbox 1382 1488 1622 1526; x_wconf 47' lang='grc' dir='ltr'><strong><em>παρεσκευακ</em></strong></span> 
     </span>
     <span class='ocr_line' id='line_1_19' title="bbox 201 1541 1624 1598; baseline -0.001 -16"><span class='ocrx_word' id='word_1_149' title='bbox 201 1543 345 1593; x_wconf 83' lang='grc' dir='ltr'><strong><em>σμένος</em></strong></span> <span class='ocrx_word' id='word_1_150' title='bbox 388 1542 429 1582; x_wconf 78' lang='grc' dir='ltr'>δὲ</span> <span class='ocrx_word' id='word_1_151' title='bbox 459 1547 598 1582; x_wconf 83' lang='grc' dir='ltr'><strong><em>τοῦτον</em></strong></span> <span class='ocrx_word' id='word_1_152' title='bbox 642 1547 694 1598; x_wconf 86' lang='grc' dir='ltr'>τῷ</span> <span class='ocrx_word' id='word_1_153' title='bbox 734 1541 864 1598; x_wconf 78' lang='grc' dir='ltr'><em>κλήρῳ</em></span> <span class='ocrx_word' id='word_1_154' title='bbox 896 1545 1022 1594; x_wconf 83' lang='grc' dir='ltr'><strong><em>δῆθεν</em></strong></span> <span class='ocrx_word' id='word_1_155' title='bbox 1053 1544 1218 1594; x_wconf 75' lang='grc' dir='ltr'><strong><em>ἐφίησιν.</em></strong></span> <span class='ocrx_word' id='word_1_156' title='bbox 1288 1541 1461 1594; x_wconf 79' lang='grc' dir='ltr'><strong><em>Τήμενος</em></strong></span> <span class='ocrx_word' id='word_1_157' title='bbox 1502 1541 1543 1581; x_wconf 81' lang='grc' dir='ltr'>δὲ</span> <span class='ocrx_word' id='word_1_158' title='bbox 1585 1541 1624 1587; x_wconf 82' lang='grc' dir='ltr'>ἐς</span> 
     </span>
    </p>
   </div>
   <div class='ocr_carea' id='block_1_4' title="bbox 202 1635 390 1639">
    <p class='ocr_par' dir='ltr' id='par_1_8' title="bbox 202 1635 390 1639">
     <span class='ocr_line' id='line_1_20' title="bbox 202 1635 390 1639; baseline 0 0"><span class='ocrx_word' id='word_1_159' title='bbox 202 1635 390 1639; x_wconf 95' lang='lat' dir='ltr'> </span> 
     </span>
    </p>
   </div>
   <div class='ocr_carea' id='block_1_5' title="bbox 198 1680 1624 2674">
    <p class='ocr_par' dir='ltr' id='par_1_9' title="bbox 198 1680 1624 2674">
     <span class='ocr_line' id='line_1_21' title="bbox 201 1680 1619 1718; baseline -0.001 -9"><span class='ocrx_word' id='word_1_160' title='bbox 201 1680 292 1710; x_wconf 86' lang='lat' dir='ltr'>dicit:</span> <span class='ocrx_word' id='word_1_161' title='bbox 317 1680 449 1710; x_wconf 89' lang='lat' dir='ltr'>venitne</span> <span class='ocrx_word' id='word_1_162' title='bbox 466 1681 499 1709; x_wconf 91' lang='lat' dir='ltr'>in</span> <span class='ocrx_word' id='word_1_163' title='bbox 525 1684 667 1710; x_wconf 87' lang='lat' dir='ltr'>mentem</span> <span class='ocrx_word' id='word_1_164' title='bbox 684 1680 742 1709; x_wconf 87' lang='lat' dir='ltr'>tibi</span> <span class='ocrx_word' id='word_1_165' title='bbox 760 1681 845 1717; x_wconf 89' lang='lat' dir='ltr'>quod</span> <span class='ocrx_word' id='word_1_166' title='bbox 870 1681 902 1709; x_wconf 92' lang='lat' dir='ltr'>in</span> <span class='ocrx_word' id='word_1_167' title='bbox 921 1690 1021 1710; x_wconf 86' lang='lat' dir='ltr'>cavea</span> <span class='ocrx_word' id='word_1_168' title='bbox 1045 1681 1162 1711; x_wconf 84' lang='lat' dir='ltr'>dixerit</span> <span class='ocrx_word' id='word_1_169' title='bbox 1178 1681 1291 1710; x_wconf 76' lang='lat' dir='ltr'>histrio</span> <span class='ocrx_word' id='word_1_170' title='bbox 1318 1690 1397 1718; x_wconf 87' lang='lat' dir='ltr'>eqs.,</span> <span class='ocrx_word' id='word_1_171' title='bbox 1423 1684 1519 1718; x_wconf 88' lang='lat' dir='ltr'>atque</span> <span class='ocrx_word' id='word_1_172' title='bbox 1536 1680 1619 1708; x_wconf 85' lang='lat' dir='ltr'>hanc</span> 
     </span>
     <span class='ocr_line' id='line_1_22' title="bbox 201 1736 1622 1776; baseline -0.001 -11"><span class='ocrx_word' id='word_1_173' title='bbox 201 1737 393 1765; x_wconf 88' lang='lat' dir='ltr'>sententiam</span> <span class='ocrx_word' id='word_1_174' title='bbox 428 1737 539 1766; x_wconf 88' lang='lat' dir='ltr'>eadem</span> <span class='ocrx_word' id='word_1_175' title='bbox 574 1737 693 1766; x_wconf 88' lang='lat' dir='ltr'>femina</span> <span class='ocrx_word' id='word_1_176' title='bbox 730 1737 854 1775; x_wconf 84' lang='lat' dir='ltr'>profert</span> <span class='ocrx_word' id='word_1_177' title='bbox 878 1747 909 1766; x_wconf 78' lang='grc' dir='ltr'>ν.</span> <span class='ocrx_word' id='word_1_178' title='bbox 939 1738 1013 1766; x_wconf 88' lang='grc'>416.</span> <span class='ocrx_word' id='word_1_179' title='bbox 1053 1747 1130 1775; x_wconf 88' lang='lat' dir='ltr'>ergo</span> <span class='ocrx_word' id='word_1_180' title='bbox 1154 1738 1287 1767; x_wconf 84' lang='lat' dir='ltr'>Plautus</span> <span class='ocrx_word' id='word_1_181' title='bbox 1323 1748 1356 1767; x_wconf 87' lang='lat' dir='ltr'>se</span> <span class='ocrx_word' id='word_1_182' title='bbox 1392 1738 1497 1776; x_wconf 88' lang='lat' dir='ltr'>ipsum</span> <span class='ocrx_word' id='word_1_183' title='bbox 1522 1736 1622 1773; x_wconf 85' lang='lat' dir='ltr'>respi—</span> 
     </span>
     <span class='ocr_line' id='line_1_23' title="bbox 200 1792 1621 1832; baseline 0 -11"><span class='ocrx_word' id='word_1_184' title='bbox 200 1793 254 1821; x_wconf 86' lang='lat' dir='ltr'>cit.</span> <span class='ocrx_word' id='word_1_185' title='bbox 303 1793 429 1822; x_wconf 88' lang='lat' dir='ltr'>Deinde</span> <span class='ocrx_word' id='word_1_186' title='bbox 455 1794 583 1823; x_wconf 89' lang='lat' dir='ltr'>Curcul.</span> <span class='ocrx_word' id='word_1_187' title='bbox 612 1794 672 1823; x_wconf 87' lang='grc'>591</span> <span class='ocrx_word' id='word_1_188' title='bbox 710 1793 846 1822; x_wconf 76' lang='lat' dir='ltr'>dicitur:</span> <span class='ocrx_word' id='word_1_189' title='bbox 886 1794 1051 1831; x_wconf 85' lang='lat' dir='ltr'>antiquom</span> <span class='ocrx_word' id='word_1_190' title='bbox 1084 1798 1212 1832; x_wconf 84' lang='lat' dir='ltr'>poetam</span> <span class='ocrx_word' id='word_1_191' title='bbox 1237 1794 1347 1824; x_wconf 89' lang='lat' dir='ltr'>andivi</span> <span class='ocrx_word' id='word_1_192' title='bbox 1385 1793 1553 1831; x_wconf 82' lang='lat' dir='ltr'>scripsisse</span> <span class='ocrx_word' id='word_1_193' title='bbox 1589 1792 1621 1820; x_wconf 89' lang='lat' dir='ltr'>in</span> 
     </span>
     <span class='ocr_line' id='line_1_24' title="bbox 199 1849 1622 1887; baseline 0 -10"><span class='ocrx_word' id='word_1_194' title='bbox 199 1849 382 1887; x_wconf 85' lang='lat' dir='ltr'>tragoedia:</span> <span class='ocrx_word' id='word_1_195' title='bbox 419 1849 571 1878; x_wconf 86' lang='lat' dir='ltr'>mulieres</span> <span class='ocrx_word' id='word_1_196' title='bbox 597 1849 677 1878; x_wconf 88' lang='lat' dir='ltr'>duas</span> <span class='ocrx_word' id='word_1_197' title='bbox 702 1849 829 1886; x_wconf 90' lang='lat' dir='ltr'>peiores</span> <span class='ocrx_word' id='word_1_198' title='bbox 864 1859 935 1879; x_wconf 86' lang='lat' dir='ltr'>esse</span> <span class='ocrx_word' id='word_1_199' title='bbox 970 1859 1066 1887; x_wconf 89' lang='lat' dir='ltr'>quam</span> <span class='ocrx_word' id='word_1_200' title='bbox 1091 1860 1198 1880; x_wconf 88' lang='lat' dir='ltr'>unam.</span> <span class='ocrx_word' id='word_1_201' title='bbox 1248 1853 1344 1887; x_wconf 85' lang='lat' dir='ltr'>atque</span> <span class='ocrx_word' id='word_1_202' title='bbox 1378 1851 1467 1879; x_wconf 87' lang='lat' dir='ltr'>illum</span> <span class='ocrx_word' id='word_1_203' title='bbox 1493 1853 1622 1886; x_wconf 85' lang='lat' dir='ltr'>poetam</span> 
     </span>
     <span class='ocr_line' id='line_1_25' title="bbox 199 1905 1623 1946; baseline -0.001 -13"><span class='ocrx_word' id='word_1_204' title='bbox 199 1905 389 1943; x_wconf 80' lang='lat' dir='ltr'>Euripidem</span> <span class='ocrx_word' id='word_1_205' title='bbox 415 1915 507 1942; x_wconf 80' lang='lat' dir='ltr'>esse,</span> <span class='ocrx_word' id='word_1_206' title='bbox 533 1915 552 1934; x_wconf 88' lang='lat' dir='ltr'>a</span> <span class='ocrx_word' id='word_1_207' title='bbox 576 1905 744 1934; x_wconf 81' lang='lat' dir='ltr'>comoedia</span> <span class='ocrx_word' id='word_1_208' title='bbox 770 1906 937 1943; x_wconf 83' lang='lat' dir='ltr'>agitatum,</span> <span class='ocrx_word' id='word_1_209' title='bbox 971 1907 1041 1936; x_wconf 84' lang='lat' dir='ltr'>luce</span> <span class='ocrx_word' id='word_1_210' title='bbox 1066 1907 1184 1936; x_wconf 82' lang='lat' dir='ltr'>clarius</span> <span class='ocrx_word' id='word_1_211' title='bbox 1210 1910 1275 1946; x_wconf 78' lang='lat' dir='ltr'>est3</span> <span class='ocrx_word' id='word_1_212' title='bbox 1313 1916 1390 1944; x_wconf 84' lang='lat' dir='ltr'>ergo</span> <span class='ocrx_word' id='word_1_213' title='bbox 1415 1906 1532 1944; x_wconf 86' lang='lat' dir='ltr'>pendet</span> <span class='ocrx_word' id='word_1_214' title='bbox 1562 1905 1623 1933; x_wconf 89' lang='lat' dir='ltr'>hoc</span> 
     </span>
     <span class='ocr_line' id='line_1_26' title="bbox 203 1961 1622 2000; baseline 0 -10"><span class='ocrx_word' id='word_1_215' title='bbox 203 1971 242 1991; x_wconf 83' lang='lat' dir='ltr'>ex</span> <span class='ocrx_word' id='word_1_216' title='bbox 261 1961 386 1991; x_wconf 84' lang='lat' dir='ltr'>Graeco</span> <span class='ocrx_word' id='word_1_217' title='bbox 412 1962 598 1999; x_wconf 87' lang='lat' dir='ltr'>exemplari.</span> <span class='ocrx_word' id='word_1_218' title='bbox 648 1961 727 1990; x_wconf 84' lang='lat' dir='ltr'>Tum</span> <span class='ocrx_word' id='word_1_219' title='bbox 753 1961 890 1999; x_wconf 85' lang='lat' dir='ltr'>legimus</span> <span class='ocrx_word' id='word_1_220' title='bbox 914 1963 948 1991; x_wconf 90' lang='lat' dir='ltr'>in</span> <span class='ocrx_word' id='word_1_221' title='bbox 972 1963 1109 2000; x_wconf 85' lang='lat' dir='ltr'>prologo</span> <span class='ocrx_word' id='word_1_222' title='bbox 1127 1963 1337 1992; x_wconf 85' lang='lat' dir='ltr'>Mercatoris:</span> <span class='ocrx_word' id='word_1_223' title='bbox 1363 1972 1426 1992; x_wconf 87' lang='lat' dir='ltr'>non</span> <span class='ocrx_word' id='word_1_224' title='bbox 1453 1971 1512 1999; x_wconf 87' lang='lat' dir='ltr'>ego</span> <span class='ocrx_word' id='word_1_225' title='bbox 1538 1962 1622 1990; x_wconf 89' lang='lat' dir='ltr'>idem</span> 
     </span>
     <span class='ocr_line' id='line_1_27' title="bbox 199 2015 1624 2058; baseline -0.001 -12"><span class='ocrx_word' id='word_1_226' title='bbox 199 2018 282 2047; x_wconf 85' lang='lat' dir='ltr'>facio</span> <span class='ocrx_word' id='word_1_227' title='bbox 308 2021 343 2046; x_wconf 86' lang='lat' dir='ltr'>ut</span> <span class='ocrx_word' id='word_1_228' title='bbox 367 2018 448 2047; x_wconf 85' lang='lat' dir='ltr'>alios</span> <span class='ocrx_word' id='word_1_229' title='bbox 473 2018 506 2046; x_wconf 92' lang='lat' dir='ltr'>in</span> <span class='ocrx_word' id='word_1_230' title='bbox 531 2018 704 2047; x_wconf 86' lang='lat' dir='ltr'>comoediis</span> <span class='ocrx_word' id='word_1_231' title='bbox 741 2015 753 2058; x_wconf 83' lang='grc' dir='ltr'>ΙΙ</span> <span class='ocrx_word' id='word_1_232' title='bbox 790 2018 857 2047; x_wconf 88' lang='lat' dir='ltr'>vidi</span> <span class='ocrx_word' id='word_1_233' title='bbox 883 2019 988 2048; x_wconf 84' lang='lat' dir='ltr'>faeere</span> <span class='ocrx_word' id='word_1_234' title='bbox 1013 2023 1173 2049; x_wconf 83' lang='lat' dir='ltr'>amatores</span> <span class='ocrx_word' id='word_1_235' title='bbox 1198 2020 1252 2057; x_wconf 89' lang='lat' dir='ltr'>qui</span> <span class='ocrx_word' id='word_1_236' title='bbox 1278 2024 1333 2049; x_wconf 88' lang='lat' dir='ltr'>aut</span> <span class='ocrx_word' id='word_1_237' title='bbox 1357 2019 1451 2048; x_wconf 89' lang='lat' dir='ltr'>Nocti</span> <span class='ocrx_word' id='word_1_238' title='bbox 1488 2022 1542 2047; x_wconf 88' lang='lat' dir='ltr'>aut</span> <span class='ocrx_word' id='word_1_239' title='bbox 1566 2017 1624 2046; x_wconf 91' lang='lat' dir='ltr'>Dii</span> 
     </span>
     <span class='ocr_line' id='line_1_28' title="bbox 214 2072 1623 2116; baseline -0.001 -12"><span class='ocrx_word' id='word_1_240' title='bbox 214 2072 227 2116; x_wconf 80' lang='grc' dir='ltr'>ΙΙ</span> <span class='ocrx_word' id='word_1_241' title='bbox 254 2078 310 2104; x_wconf 84' lang='lat' dir='ltr'>aut</span> <span class='ocrx_word' id='word_1_242' title='bbox 337 2073 403 2103; x_wconf 84' lang='lat' dir='ltr'>Soli</span> <span class='ocrx_word' id='word_1_243' title='bbox 429 2078 483 2103; x_wconf 86' lang='lat' dir='ltr'>aut</span> <span class='ocrx_word' id='word_1_244' title='bbox 508 2074 620 2103; x_wconf 87' lang='lat' dir='ltr'>Lunae</span> <span class='ocrx_word' id='word_1_245' title='bbox 656 2074 803 2104; x_wconf 81' lang='lat' dir='ltr'>miserias</span> <span class='ocrx_word' id='word_1_246' title='bbox 829 2079 963 2104; x_wconf 86' lang='lat' dir='ltr'>narrant</span> <span class='ocrx_word' id='word_1_247' title='bbox 1004 2074 1041 2116; x_wconf 73' lang='grc'>[1,</span> <span class='ocrx_word' id='word_1_248' title='bbox 1076 2077 1159 2113; x_wconf 92' lang='lat' dir='ltr'>quod</span> <span class='ocrx_word' id='word_1_249' title='bbox 1185 2077 1261 2105; x_wconf 88' lang='lat' dir='ltr'>item</span> <span class='ocrx_word' id='word_1_250' title='bbox 1294 2086 1333 2105; x_wconf 81' lang='lat' dir='ltr'>ex</span> <span class='ocrx_word' id='word_1_251' title='bbox 1359 2075 1492 2106; x_wconf 76' lang='lat' dir='ltr'>Graecis</span> <span class='ocrx_word' id='word_1_252' title='bbox 1516 2084 1623 2104; x_wconf 82' lang='lat' dir='ltr'>exem-</span> 
     </span>
     <span class='ocr_line' id='line_1_29' title="bbox 198 2130 1622 2170; baseline 0 -10"><span class='ocrx_word' id='word_1_253' title='bbox 198 2131 343 2169; x_wconf 86' lang='lat' dir='ltr'>plaribus</span> <span class='ocrx_word' id='word_1_254' title='bbox 372 2131 503 2160; x_wconf 80' lang='lat' dir='ltr'>fluxisse</span> <span class='ocrx_word' id='word_1_255' title='bbox 530 2140 593 2159; x_wconf 91' lang='lat' dir='ltr'>non</span> <span class='ocrx_word' id='word_1_256' title='bbox 621 2130 832 2168; x_wconf 82' lang='lat' dir='ltr'>negabimus,</span> <span class='ocrx_word' id='word_1_257' title='bbox 869 2132 922 2168; x_wconf 86' lang='lat' dir='ltr'>qui</span> <span class='ocrx_word' id='word_1_258' title='bbox 956 2142 1020 2161; x_wconf 91' lang='lat' dir='ltr'>non</span> <span class='ocrx_word' id='word_1_259' title='bbox 1046 2132 1232 2169; x_wconf 84' lang='lat' dir='ltr'>ignoremus</span> <span class='ocrx_word' id='word_1_260' title='bbox 1267 2133 1352 2170; x_wconf 89' lang='lat' dir='ltr'>apud</span> <span class='ocrx_word' id='word_1_261' title='bbox 1377 2132 1565 2170; x_wconf 88' lang='lat' dir='ltr'>Euripidem</span> <span class='ocrx_word' id='word_1_262' title='bbox 1591 2132 1622 2160; x_wconf 91' lang='lat' dir='ltr'>in</span> 
     </span>
     <span class='ocr_line' id='line_1_30' title="bbox 199 2182 1623 2230; baseline 0.001 -14"><span class='ocrx_word' id='word_1_263' title='bbox 199 2187 284 2217; x_wconf 85' lang='lat' dir='ltr'>Med.</span> <span class='ocrx_word' id='word_1_264' title='bbox 309 2198 341 2216; x_wconf 89' lang='lat' dir='ltr'>v.</span> <span class='ocrx_word' id='word_1_265' title='bbox 371 2189 413 2217; x_wconf 87' lang='grc'>68</span> <span class='ocrx_word' id='word_1_266' title='bbox 438 2188 520 2225; x_wconf 84' lang='lat' dir='ltr'>legi:</span> <span class='ocrx_word' id='word_1_267' title='bbox 555 2185 669 2227; x_wconf 75' lang='grc' dir='ltr'><strong><em>ἵμερος</em></strong></span> <span class='ocrx_word' id='word_1_268' title='bbox 706 2182 739 2227; x_wconf 80' lang='grc' dir='ltr'>μ’</span> <span class='ocrx_word' id='word_1_269' title='bbox 766 2182 899 2227; x_wconf 65' lang='grc' dir='ltr'>ὁπῆλὲτε</span> <span class='ocrx_word' id='word_1_270' title='bbox 923 2186 969 2229; x_wconf 77' lang='grc' dir='ltr'>γῇ</span> <span class='ocrx_word' id='word_1_271' title='bbox 994 2198 1030 2219; x_wconf 84' lang='grc' dir='ltr'>τε</span> <span class='ocrx_word' id='word_1_272' title='bbox 1053 2183 1206 2230; x_wconf 69' lang='grc' dir='ltr'><strong><em>κούρανῷ</em></strong></span> <span class='ocrx_word' id='word_1_273' title='bbox 1233 2186 1324 2226; x_wconf 83' lang='grc' dir='ltr'>λέξαι</span> <span class='ocrx_word' id='word_1_274' title='bbox 1348 2185 1497 2230; x_wconf 78' lang='grc' dir='ltr'>μολούσῃ</span> <span class='ocrx_word' id='word_1_275' title='bbox 1524 2186 1623 2227; x_wconf 82' lang='grc' dir='ltr'><strong><em>δεῦρο</em></strong></span> 
     </span>
     <span class='ocr_line' id='line_1_31' title="bbox 199 2239 1622 2285; baseline -0.001 -11"><span class='ocrx_word' id='word_1_276' title='bbox 199 2241 355 2283; x_wconf 82' lang='grc' dir='ltr'>Μηδέιας</span> <span class='ocrx_word' id='word_1_277' title='bbox 380 2239 494 2285; x_wconf 76' lang='grc' dir='ltr'><strong><em>τύχας.</em></strong></span> <span class='ocrx_word' id='word_1_278' title='bbox 544 2244 692 2280; x_wconf 88' lang='lat' dir='ltr'>Denique</span> <span class='ocrx_word' id='word_1_279' title='bbox 717 2243 751 2271; x_wconf 90' lang='lat' dir='ltr'>in</span> <span class='ocrx_word' id='word_1_280' title='bbox 769 2244 995 2281; x_wconf 86' lang='lat' dir='ltr'>Amphitruon.</span> <span class='ocrx_word' id='word_1_281' title='bbox 1021 2246 1157 2283; x_wconf 85' lang='lat' dir='ltr'>prologo</span> <span class='ocrx_word' id='word_1_282' title='bbox 1182 2246 1283 2275; x_wconf 87' lang='lat' dir='ltr'>inest:</span> <span class='ocrx_word' id='word_1_283' title='bbox 1310 2255 1384 2275; x_wconf 84' lang='lat' dir='ltr'>nam</span> <span class='ocrx_word' id='word_1_284' title='bbox 1409 2255 1468 2283; x_wconf 87' lang='lat' dir='ltr'>ego</span> <span class='ocrx_word' id='word_1_285' title='bbox 1494 2245 1622 2282; x_wconf 85' lang='lat' dir='ltr'>quidem</span> 
     </span>
     <span class='ocr_line' id='line_1_32' title="bbox 201 2299 1622 2339; baseline 0 -10"><span class='ocrx_word' id='word_1_286' title='bbox 201 2309 451 2329; x_wconf 85' lang='lat' dir='ltr'>commemorem</span> <span class='ocrx_word' id='word_1_287' title='bbox 478 2304 512 2329; x_wconf 91' lang='lat' dir='ltr'>ut</span> <span class='ocrx_word' id='word_1_288' title='bbox 536 2299 618 2329; x_wconf 85' lang='lat' dir='ltr'>alios</span> <span class='ocrx_word' id='word_1_289' title='bbox 644 2299 675 2328; x_wconf 88' lang='lat' dir='ltr'>in</span> <span class='ocrx_word' id='word_1_290' title='bbox 702 2300 880 2336; x_wconf 85' lang='lat' dir='ltr'>tragoediis</span> <span class='ocrx_word' id='word_1_291' title='bbox 905 2300 972 2329; x_wconf 91' lang='lat' dir='ltr'>vidi</span> <span class='ocrx_word' id='word_1_292' title='bbox 998 2301 1184 2338; x_wconf 88' lang='lat' dir='ltr'>Neptunum</span> <span class='ocrx_word' id='word_1_293' title='bbox 1210 2311 1288 2339; x_wconf 83' lang='lat' dir='ltr'>eqs.,</span> <span class='ocrx_word' id='word_1_294' title='bbox 1313 2302 1398 2339; x_wconf 89' lang='lat' dir='ltr'>quod</span> <span class='ocrx_word' id='word_1_295' title='bbox 1424 2311 1487 2330; x_wconf 89' lang='lat' dir='ltr'>non</span> <span class='ocrx_word' id='word_1_296' title='bbox 1513 2300 1622 2330; x_wconf 78' lang='lat' dir='ltr'>reduci</span> 
     </span>
     <span class='ocr_line' id='line_1_33' title="bbox 199 2355 1622 2396; baseline 0 -11"><span class='ocrx_word' id='word_1_297' title='bbox 199 2359 305 2393; x_wconf 84' lang='lat' dir='ltr'>potest</span> <span class='ocrx_word' id='word_1_298' title='bbox 329 2357 371 2385; x_wconf 88' lang='lat' dir='ltr'>ad</span> <span class='ocrx_word' id='word_1_299' title='bbox 392 2355 552 2385; x_wconf 87' lang='lat' dir='ltr'>Graecum</span> <span class='ocrx_word' id='word_1_300' title='bbox 570 2356 759 2394; x_wconf 53' lang='lat' dir='ltr'>exemplam</span> <span class='ocrx_word' id='word_1_301' title='bbox 786 2355 922 2392; x_wconf 82' lang='lat' dir='ltr'>quadrat</span> <span class='ocrx_word' id='word_1_302' title='bbox 947 2357 1032 2386; x_wconf 90' lang='lat' dir='ltr'>enim</span> <span class='ocrx_word' id='word_1_303' title='bbox 1057 2357 1089 2386; x_wconf 87' lang='lat' dir='ltr'>in</span> <span class='ocrx_word' id='word_1_304' title='bbox 1114 2358 1309 2396; x_wconf 83' lang='lat' dir='ltr'>tragoedias,</span> <span class='ocrx_word' id='word_1_305' title='bbox 1335 2366 1468 2395; x_wconf 87' lang='lat' dir='ltr'>quarum</span> <span class='ocrx_word' id='word_1_306' title='bbox 1496 2357 1622 2386; x_wconf 87' lang='lat' dir='ltr'>fabulas</span> 
     </span>
     <span class='ocr_line' id='line_1_34' title="bbox 201 2412 1621 2450; baseline 0.001 -10"><span class='ocrx_word' id='word_1_307' title='bbox 201 2415 316 2450; x_wconf 87' lang='lat' dir='ltr'>poetae</span> <span class='ocrx_word' id='word_1_308' title='bbox 343 2422 381 2441; x_wconf 83' lang='lat' dir='ltr'>ex</span> <span class='ocrx_word' id='word_1_309' title='bbox 406 2412 541 2442; x_wconf 88' lang='lat' dir='ltr'>historia</span> <span class='ocrx_word' id='word_1_310' title='bbox 565 2412 677 2450; x_wconf 90' lang='lat' dir='ltr'>populi</span> <span class='ocrx_word' id='word_1_311' title='bbox 703 2412 840 2441; x_wconf 81' lang='lat' dir='ltr'>Romani</span> <span class='ocrx_word' id='word_1_312' title='bbox 866 2412 1036 2450; x_wconf 83' lang='lat' dir='ltr'>duxeruut,</span> <span class='ocrx_word' id='word_1_313' title='bbox 1064 2415 1119 2443; x_wconf 88' lang='lat' dir='ltr'>sed</span> <span class='ocrx_word' id='word_1_314' title='bbox 1146 2424 1165 2443; x_wconf 90' lang='lat' dir='ltr'>a</span> <span class='ocrx_word' id='word_1_315' title='bbox 1189 2414 1303 2443; x_wconf 89' lang='lat' dir='ltr'>Plauto</span> <span class='ocrx_word' id='word_1_316' title='bbox 1329 2424 1393 2443; x_wconf 91' lang='lat' dir='ltr'>non</span> <span class='ocrx_word' id='word_1_317' title='bbox 1419 2415 1538 2443; x_wconf 83' lang='lat' dir='ltr'>factum</span> <span class='ocrx_word' id='word_1_318' title='bbox 1563 2417 1621 2449; x_wconf 80' lang='lat' dir='ltr'>est,</span> 
     </span>
     <span class='ocr_line' id='line_1_35' title="bbox 201 2468 1621 2507; baseline 0.001 -11"><span class='ocrx_word' id='word_1_319' title='bbox 201 2477 272 2496; x_wconf 86' lang='lat' dir='ltr'>cum</span> <span class='ocrx_word' id='word_1_320' title='bbox 297 2468 374 2497; x_wconf 87' lang='lat' dir='ltr'>insit</span> <span class='ocrx_word' id='word_1_321' title='bbox 398 2469 430 2497; x_wconf 90' lang='lat' dir='ltr'>in</span> <span class='ocrx_word' id='word_1_322' title='bbox 455 2470 601 2507; x_wconf 86' lang='lat' dir='ltr'>prologo.</span> <span class='ocrx_word' id='word_1_323' title='bbox 650 2478 753 2506; x_wconf 88' lang='lat' dir='ltr'>neque</span> <span class='ocrx_word' id='word_1_324' title='bbox 782 2468 880 2505; x_wconf 83' lang='lat' dir='ltr'>igitur</span> <span class='ocrx_word' id='word_1_325' title='bbox 896 2468 1050 2498; x_wconf 87' lang='lat' dir='ltr'>abhorret</span> <span class='ocrx_word' id='word_1_326' title='bbox 1074 2479 1092 2498; x_wconf 91' lang='lat' dir='ltr'>a</span> <span class='ocrx_word' id='word_1_327' title='bbox 1113 2471 1249 2499; x_wconf 82' lang='lat' dir='ltr'>veritate</span> <span class='ocrx_word' id='word_1_328' title='bbox 1267 2474 1407 2500; x_wconf 85' lang='lat' dir='ltr'>statuere</span> <span class='ocrx_word' id='word_1_329' title='bbox 1432 2471 1464 2498; x_wconf 91' lang='lat' dir='ltr'>id</span> <span class='ocrx_word' id='word_1_330' title='bbox 1489 2469 1530 2498; x_wconf 89' lang='lat' dir='ltr'>ab</span> <span class='ocrx_word' id='word_1_331' title='bbox 1555 2470 1621 2499; x_wconf 88' lang='lat' dir='ltr'>illis</span> 
     </span>
     <span class='ocr_line' id='line_1_36' title="bbox 202 2524 1621 2564; baseline 0.002 -12"><span class='ocrx_word' id='word_1_332' title='bbox 202 2524 310 2552; x_wconf 88' lang='lat' dir='ltr'>fictum</span> <span class='ocrx_word' id='word_1_333' title='bbox 336 2534 416 2561; x_wconf 88' lang='lat' dir='ltr'>esse,</span> <span class='ocrx_word' id='word_1_334' title='bbox 455 2525 508 2561; x_wconf 91' lang='lat' dir='ltr'>qui</span> <span class='ocrx_word' id='word_1_335' title='bbox 532 2526 710 2563; x_wconf 84' lang='lat' dir='ltr'>posteriore</span> <span class='ocrx_word' id='word_1_336' title='bbox 735 2530 881 2563; x_wconf 87' lang='lat' dir='ltr'>tempore</span> <span class='ocrx_word' id='word_1_337' title='bbox 906 2526 1011 2555; x_wconf 88' lang='lat' dir='ltr'>Plauti</span> <span class='ocrx_word' id='word_1_338' title='bbox 1037 2526 1165 2555; x_wconf 83' lang='lat' dir='ltr'>fabulas</span> <span class='ocrx_word' id='word_1_339' title='bbox 1191 2530 1346 2564; x_wconf 83' lang='lat' dir='ltr'>egerunt,</span> <span class='ocrx_word' id='word_1_340' title='bbox 1373 2536 1452 2564; x_wconf 84' lang='lat' dir='ltr'>quas</span> <span class='ocrx_word' id='word_1_341' title='bbox 1478 2536 1621 2564; x_wconf 86' lang='lat' dir='ltr'>sumpse-</span> 
     </span>
     <span class='ocr_line' id='line_1_37' title="bbox 201 2580 1622 2620; baseline 0.002 -12"><span class='ocrx_word' id='word_1_342' title='bbox 201 2582 276 2608; x_wconf 90' lang='lat' dir='ltr'>runt</span> <span class='ocrx_word' id='word_1_343' title='bbox 307 2589 346 2609; x_wconf 82' lang='lat' dir='ltr'>ex</span> <span class='ocrx_word' id='word_1_344' title='bbox 382 2580 508 2609; x_wconf 87' lang='lat' dir='ltr'>scriniis</span> <span class='ocrx_word' id='word_1_345' title='bbox 543 2582 791 2618; x_wconf 84' lang='lat' dir='ltr'>magistratuum</span> <span class='ocrx_word' id='word_1_346' title='bbox 826 2585 924 2619; x_wconf 87' lang='lat' dir='ltr'>atque</span> <span class='ocrx_word' id='word_1_347' title='bbox 958 2583 1239 2620; x_wconf 88' lang='lat' dir='ltr'>amplificaverunt</span> <span class='ocrx_word' id='word_1_348' title='bbox 1274 2582 1443 2613; x_wconf 87' lang='lat' dir='ltr'>sententiis</span> <span class='ocrx_word' id='word_1_349' title='bbox 1481 2593 1519 2612; x_wconf 79' lang='lat' dir='ltr'>ex</span> <span class='ocrx_word' id='word_1_350' title='bbox 1556 2586 1622 2611; x_wconf 84' lang='lat' dir='ltr'>tra-</span> 
     </span>
     <span class='ocr_line' id='line_1_38' title="bbox 201 2635 1085 2674; baseline 0.005 -10"><span class='ocrx_word' id='word_1_351' title='bbox 201 2635 326 2673; x_wconf 86' lang='lat' dir='ltr'>goediis</span> <span class='ocrx_word' id='word_1_352' title='bbox 351 2636 498 2674; x_wconf 89' lang='lat' dir='ltr'>sumptis,</span> <span class='ocrx_word' id='word_1_353' title='bbox 526 2646 608 2674; x_wconf 80' lang='lat' dir='ltr'>quae</span> <span class='ocrx_word' id='word_1_354' title='bbox 633 2642 729 2667; x_wconf 83' lang='lat' dir='ltr'>erant</span> <span class='ocrx_word' id='word_1_355' title='bbox 751 2639 784 2667; x_wconf 88' lang='lat' dir='ltr'>in</span> <span class='ocrx_word' id='word_1_356' title='bbox 810 2638 924 2667; x_wconf 88' lang='lat' dir='ltr'>iisdem</span> <span class='ocrx_word' id='word_1_357' title='bbox 948 2639 1085 2668; x_wconf 78' lang='lat' dir='ltr'>seriniis.</span> 
     </span>
    </p>
   </div>
  </div>
 </body>
</html>
