1857 3089
829 174 1109 217 -50-

263 277 425 315 ineunte
468 290 583 315 scena
612 282 801 316 memorat
832 279 1089 326 Mercurium,
1135 281 1200 331 qui
1233 281 1392 319 nuntius
1423 283 1531 320 Iovis
1563 283 1673 334 quasi

263 350 464 394 protector
494 346 666 383 omnium
697 347 923 384 nuntiorum
954 350 1031 384 est:
1224 391 1225 394 Ἰ

498 413 728 460 Mercurius,
760 414 866 451 Iovis
898 414 963 465 qui
995 415 1156 451 nuntius
1184 415 1422 464 perhibetur.

262 482 313 517 Et
342 481 383 517 in
413 481 601 530 Aeschyli
635 482 898 528 Agamenonis
930 483 1154 519 narratione
1186 483 1334 528 nuntii,
1368 488 1575 533 postquam
1606 483 1673 520 ille

262 548 353 584 deos
385 548 534 596 patriae
566 549 761 595 salutavit,
793 550 889 586 haec
919 551 1039 587 verba
1072 550 1347 587 inveniuntur:

531 611 597 653 τόν
626 613 660 652 τ’
695 613 787 664 ἐμόν
818 613 1002 667 τιμάορον

531 678 685 733 Ἑρμῆν,
717 684 830 731 φίλον
859 680 1025 734 κήρυκα,
1058 681 1239 735 κηρύκων
1270 684 1395 734 σέβας.

264 752 444 788 Ceterum
477 752 595 790 ‘Iovis
638 753 702 802 qui
746 752 906 789 nuntius
948 751 1186 801 perhibetur’
1229 757 1288 790 est
1320 749 1414 796 Διός
1446 747 1602 802 ἅγγελος
1632 751 1672 787 111

260 818 395 868 Eurip.
426 819 555 867 Iphig.
587 819 677 856 Aul.
718 822 838 856 1303:

719 882 824 935 ”Ήρα
854 881 894 922 θ’
923 880 1067 935 Ἑρμᾶς
1095 884 1148 933 θ’,

736 948 758 991 ὁ
789 949 886 998 Διὸς
917 949 1084 1005 ἅγγελος.

373 1021 518 1058 Electr.
550 1024 626 1058 461

695 1084 791 1132 Διός
821 1083 966 1141 ἀγγέλῳ
1006 1085 1076 1126 σὺν
1105 1083 1239 1142 Ἑρμᾷ.

377 1157 422 1193 In
466 1170 582 1193 versu
615 1160 694 1194 649
727 1170 827 1193 unus
868 1171 916 1195 ex
948 1171 1108 1195 numero
1141 1171 1341 1195 servorum
1384 1157 1578 1206 Pamphili
1617 1170 1676 1194 re-

264 1237 399 1262 versus
431 1224 574 1261 salutat
603 1224 770 1272 patriam
800 1226 875 1262 hoc
905 1226 1042 1262 modo:

463 1292 617 1329 Salvete
650 1294 842 1339 Athenae,
875 1306 972 1343 quae
1003 1293 1174 1330 nutrices
1207 1293 1412 1330 Graeciae:

464 1360 580 1397 Erilis
611 1361 749 1408 patria,
783 1361 889 1399 salve
900 1375 908 1405 ;
940 1365 983 1398 ut
1013 1365 1051 1398 te
1078 1361 1192 1399 video
1223 1361 1372 1397 lubens.

373 1432 502 1479 Atque
533 1428 573 1464 in
603 1429 825 1476 tragoediis,
859 1429 1025 1478 exempli
1051 1429 1176 1476 gratia
1206 1429 1245 1465 in
1269 1427 1472 1477 Sophoclis
1504 1427 1670 1472 Electra,

263 1495 446 1545 Aeschyli
480 1500 791 1543 Agamemnone,
834 1498 936 1534 hanc
977 1497 1249 1534 salutationem
1290 1496 1401 1532 nobis
1434 1509 1510 1532 non
1552 1493 1674 1531 semel

263 1577 476 1609 occurrere,
519 1577 598 1600 non
645 1569 704 1601 est
743 1578 811 1602 cur
856 1565 1113 1601 adfirmemus.
1174 1565 1247 1601 Sed
1281 1564 1397 1600 etiam
1437 1563 1477 1599 111
1519 1575 1672 1599 comoe-

263 1633 357 1677 sliis,
411 1645 509 1682 quae
560 1632 779 1679 tragoedias
822 1637 975 1669 secutae
1025 1639 1134 1677 sunt,
1174 1633 1270 1669 haec
1311 1632 1410 1668 ratio
1455 1630 1542 1667 usui
1586 1634 1669 1667 erat

262 1701 407 1750 poetis,
453 1713 542 1736 nam
587 1700 625 1736 in
670 1701 874 1737 Menandri
916 1701 1137 1737 comoediae
1179 1693 1332 1736 Ἁλιέων
1370 1701 1587 1746 fragmento
1618 1698 1672 1735 le-

263 1768 406 1815 gimus:

324 1831 432 1884 Χαῖρ’
469 1826 499 1871 13
532 1834 622 1883 φίλη
655 1837 713 1885 γῆ,
746 1832 810 1872 διά
841 1831 982 1883 χρόνου
1014 1835 1157 1871 πολλοῦ
1188 1831 1219 1870 σ’
1259 1832 1353 1871 ἰδών
1383 1830 1615 1881 ἀσπάζομαι,

265 1903 353 1940 ubi:
385 1907 423 1940 te
454 1903 568 1940 video
598 1903 756 1940 lubens:
789 1903 905 1940 simili
938 1904 1049 1940 modo
1082 1916 1308 1953 expressum
1343 1907 1410 1939 est.
1470 1904 1676 1951 praeterea

265 1971 313 2007 cf.
346 1971 532 2020 anonymi
565 1971 701 2008 comici
734 1972 870 2018 fragm.
903 1971 1039 2019 (Mein.
1070 1971 1139 2008 IV.
1175 1972 1289 2018 616):

469 2035 667 2074 Δέσποινα
708 2036 877 2082 πόλεων,
926 2035 1042 2075 πότνι’
1078 2033 1299 2086 Ἀθηναίων
1337 2032 1459 2081 πόλις.
1530 2036 1595 2073 ubi
1633 2036 1675 2072 in

262 2100 462 2142 ’δέσποινα
504 2100 663 2142 πόλεων’
705 2106 803 2154 (scil.
836 2106 1035 2156 Graeciae)
1079 2106 1204 2143 simile
1236 2106 1383 2157 aliquid
1425 2105 1528 2142 inest
1559 2108 1675 2154 atque

263 2174 303 2210 in
336 2174 489 2212 verbis:
532 2185 629 2223 quae
670 2173 841 2210 nutrices
874 2174 1072 2212 Graeciae.
1130 2174 1338 2211 Tractandi
1379 2173 1546 2223 denique
1587 2176 1678 2209 sunt

263 2242 381 2278 huius
411 2241 568 2278 fabulae
598 2253 733 2278 versus
768 2244 841 2278 661
879 2254 971 2292 eqs.‚
1002 2242 1069 2278 ubi
1091 2241 1247 2279 Stichus
1280 2245 1318 2278 et
1347 2241 1557 2287 Sagarinus
1589 2252 1675 2276 cum

269 2321 457 2347 conserva
487 2308 701 2357 Stephanio
732 2309 923 2357 adparant
953 2309 1209 2359 symposium:

470 2378 590 2424 Euge,
621 2376 820 2423 Saganae,
851 2377 1120 2426 lepidissume:

470 2445 552 2481 fero
595 2444 800 2482 convivam
837 2444 1055 2481 Dionusum
1099 2443 1273 2493 mihique
1315 2447 1352 2480 et
1390 2443 1483 2480 tibi:
1528 2456 1604 2493 quo
1635 2442 1676 2478 111

268 2525 383 2551 versu
436 2512 536 2548 nihil
578 2512 682 2548 inest
728 2511 822 2548 nisi:
878 2513 1106 2561 adparemus
1153 2511 1413 2560 symposium,
1459 2510 1677 2559 Dionysum

270 2580 474 2618 convivam
503 2580 675 2616 adferam
705 2579 730 2616 i.
747 2593 778 2616 e.
811 2579 956 2625 vinum,
989 2579 1091 2630 quod
1129 2579 1241 2615 nobis
1272 2579 1449 2615 dominus
1480 2578 1581 2614 dono
1613 2578 1678 2614 de-
