1857 3089
795 198 1049 239 -7-

217 309 258 346 in
289 306 518 355 fragmentis
549 317 712 353 poeseos
743 302 913 350 tragicae
943 302 1143 337 Romanae
1173 312 1259 336 cum
1290 300 1426 345 ageret
1456 297 1503 333 de
1533 296 1637 343 frag-

215 378 346 413 mento
378 373 581 410 Ennianae
614 370 909 408 Andromachae
939 369 1080 404 hocce:
1120 379 1141 402 0
1171 368 1305 413 pater,
1338 378 1359 401 o
1391 363 1538 400 Priami
1569 363 1639 399 do-

216 457 320 481 mus:
371 442 487 491 plane
528 438 741 488 expressit,
794 437 840 473 ad
882 437 982 472 hane
1019 446 1100 470 rem
1143 432 1334 470 iocavisse
1373 431 1555 468 Plautum
1596 429 1638 466 in

214 510 453 548 Bacchidum
483 507 634 552 fabula,
674 505 739 542 ubi
771 504 892 542 verba
921 501 1166 540 invenimus:
1213 513 1233 537 o
1267 499 1401 545 Troia,
1447 510 1467 534 o
1498 496 1638 545 patria,

218 593 238 616 o
272 579 513 625 Pergamon,
547 588 567 612 ο
599 572 744 610 Priami
775 570 926 620 periisti
956 582 1098 606 senex:
1132 580 1231 618 quae
1262 566 1458 604 sententia
1488 569 1639 613 pugnat

217 650 353 684 contra
374 641 666 689 Kiesslingium.
729 638 838 679 Quae
870 651 956 675 eum
978 637 1033 674 ita
1064 636 1152 682 sint,
1186 647 1314 671 meum
1346 646 1430 671 esse
1455 632 1636 670 existimo

220 710 430 750 Ribbeckii
463 708 697 747 sententiam
727 706 918 751 refellere,
957 716 1034 755 qua
1063 704 1106 740 in
1136 715 1178 739 re
1210 715 1322 751 spero
1354 715 1414 739 me
1446 700 1637 737 Kiesslin-

215 780 267 829 gii
299 780 420 817 verba
448 777 514 814 vel
544 775 869 824 amplificaturum
900 772 964 810 vel
994 772 1237 808 firmaturum
1270 782 1366 807 esse,

331 849 463 896 Atque
494 844 661 893 primum
694 842 850 893 quidem
882 839 1185 888 aggrediendum
1232 842 1291 875 est
1321 839 1368 875 ad
1398 836 1637 884 tragoediam

218 916 446 959 Romanam,
478 924 594 963 quam
626 911 761 947 eodem
792 908 948 945 modulo
980 920 1050 944 nos
1081 906 1210 943 metiri
1243 918 1400 943 necesse
1432 908 1491 942 est
1520 907 1638 954 atque

216 982 456 1031 tragoediam
487 980 742 1024 Graecorum,
785 977 918 1028 itaque
961 977 1077 1012 hasce
1116 988 1178 1012 res
1208 975 1381 1012 breviter
1411 984 1638 1022 percurrere

214 1049 494 1100 proponimus:
533 1047 700 1096 primum
740 1045 985 1090 diiudicetur,
1029 1056 1122 1079 num
1154 1042 1322 1079 Romani
1353 1041 1506 1078 fabulas
1538 1053 1638 1091 quae

215 1117 468 1155 inveniantur
497 1116 538 1152 in
570 1113 782 1162 tragoediis
812 1112 1015 1157 noverint,
1048 1115 1131 1148 tum
1163 1110 1402 1159 exploretur,
1435 1122 1526 1145 num
1559 1109 1638 1145 Ro-

218 1184 321 1222 mani
351 1184 437 1220 illas
468 1182 687 1230 tragoedias
717 1181 822 1228 ipsas
851 1179 1029 1227 legerint.
1091 1178 1205 1218 Quod
1234 1182 1278 1215 ut
1304 1188 1530 1226 repugnem,
1562 1175 1638 1212 iam

217 1251 482 1299 Kiesslingius
521 1250 545 1288 l.
594 1250 617 1286 l.
656 1253 803 1293 monet,
855 1247 1006 1284 fabulas
1046 1259 1125 1283 non
1170 1245 1301 1283 statim
1342 1245 1380 1281 in
1424 1244 1637 1291 legentium

216 1319 395 1357 manibus
422 1322 596 1356 versatas
627 1329 721 1362 esse,
755 1329 840 1352 cum
873 1327 951 1351 non
981 1314 1160 1362 ignotum
1193 1314 1254 1359 sit,
1287 1326 1401 1362 quam
1434 1312 1501 1349 diu
1523 1311 1638 1348 Plau—

216 1387 320 1424 tinae
353 1385 574 1424 oomoediae
614 1385 655 1421 in
696 1383 939 1422 scenicorum
978 1382 1070 1419 solis
1111 1381 1264 1419 scriniis
1306 1380 1552 1426 delituerint,
1595 1383 1640 1417 ut

217 1454 421 1491 scribendo
452 1452 702 1501 multiplicari
745 1464 824 1488 non
862 1454 1034 1499 possent.
1104 1450 1155 1487 Et
1194 1449 1268 1486 hoe
1297 1452 1507 1498 propterea
1553 1447 1638 1484 fieri

217 1535 295 1559 non
327 1521 466 1569 potuit,
499 1521 601 1570 quod
625 1519 873 1566 magistratus
895 1518 958 1556 vel
981 1517 1161 1554 dominus
1192 1517 1321 1565 gregis
1352 1529 1375 1553 a
1405 1516 1638 1564 magistratu

213 1590 341 1627 iussus
371 1588 523 1625 fabulas
553 1600 573 1624 a
606 1592 722 1636 poeta
752 1588 916 1633 emebat,
948 1599 1026 1636 qua
1055 1599 1096 1622 re
1122 1586 1268 1622 factum
1300 1590 1369 1631 est,
1402 1591 1445 1622 ut
1474 1583 1564 1620 illae
1595 1583 1637 1620 in

216 1656 522 1704 possessionem,
555 1659 598 1692 ut
627 1655 683 1693 ita
713 1655 858 1700 dicam,
891 1654 1037 1691 domini
1069 1653 1199 1702 gregis
1230 1653 1453 1690 transirent.
1515 1655 1636 1689 Acce-

214 1725 288 1769 dit,
330 1725 434 1775 quod
465 1723 660 1761 Plautinis
690 1723 932 1771 temporibus
962 1722 1119 1759 fabulae
1159 1722 1272 1758 modo
1312 1725 1355 1758 ut
1394 1723 1639 1769 representa-

217 1796 364 1838 rentur,
396 1793 646 1840 fingebantur
678 1804 804 1842 neque
836 1803 1019 1842 umquam
1043 1804 1188 1838 agones
1208 1791 1242 1839 ¹)
1273 1791 1376 1827 inter
1406 1794 1542 1838 poetas
1572 1789 1637 1826 vel

212 1860 380 1908 tragicos
419 1860 483 1897 vel
525 1860 692 1897 comicos
732 1859 826 1897 facti
859 1863 960 1896 sunt.
1034 1858 1203 1896 Tametsi
1235 1858 1441 1895 Terentius
1483 1855 1636 1893 fabulas

213 1927 456 1976 conseripsit,
489 1940 587 1979 quae
609 1928 673 1964 vel
704 1928 751 1964 ab
781 1929 864 1964 eius
885 1927 1104 1964 fautoribus
1134 1925 1198 1964 vel
1228 1939 1250 1962 a
1280 1925 1425 1974 populo
1458 1925 1637 1973 legeren-

213 2000 288 2042 tur,
321 1999 451 2033 tamen
473 1996 546 2032 hoc
575 1996 616 2032 in
640 1995 822 2033 Plautum
854 2008 933 2032 non
964 1995 1140 2045 quadrat,
1173 1994 1240 2044 qui
1272 1993 1467 2030 neminem
1499 1993 1638 2031 habuit

213 2076 234 2100 a
265 2077 342 2114 quo
375 2063 636 2100 adiuvaretur.
698 2061 825 2103 Quid?
873 2063 977 2112 quod
1018 2062 1135 2099 etiam
1167 2062 1318 2098 Ennius
1360 2061 1426 2111 qui
1466 2061 1636 2098 medium

211 2131 338 2168 locum
370 2131 474 2168 inter
514 2131 585 2167 hos
625 2131 793 2168 comicos
826 2130 999 2176 obtinet,
1044 2130 1128 2166 sine
1161 2129 1278 2166 dubio
1319 2143 1398 2166 non
1430 2129 1497 2166 tali
1529 2129 1635 2167 vitae

214 2198 440 2236 conditione
473 2198 587 2236 initio
619 2212 711 2235 usus
742 2202 811 2244 est,
843 2202 887 2235 ut
907 2197 1127 2245 tragoedias
1143 2198 1180 2247 2)
1212 2197 1276 2235 vel
1298 2197 1516 2235 comoedias
1547 2209 1636 2245 pro-

212 2273 378 2316 poneret
408 2266 632 2313 lectoribus,
665 2279 751 2304 cum
784 2270 936 2304 constet
967 2279 1054 2303 eum
1086 2279 1188 2303 anno
1218 2269 1310 2303 550.
1337 2278 1369 2302 a.
1392 2279 1428 2302 u.
1452 2278 1483 2302 c.
1514 2277 1536 2301 a
1567 2264 1635 2301 Ca-

212 2340 306 2372 tone
338 2335 502 2371 Romam
535 2335 754 2381 deductum,
786 2338 876 2383 post
906 2335 1009 2371 hunc
1041 2347 1187 2370 annum
1219 2346 1241 2370 a
1271 2333 1453 2382 Scipione
1483 2333 1635 2369 adama-

212 2459 370 2487 nonnulla
394 2458 578 2496 proferunt,
619 2459 745 2488 nullum
776 2461 882 2487 autem
917 2458 957 2486 ab
995 2458 1040 2487 eis
1076 2457 1209 2486 allatum
1234 2460 1283 2487 est
1308 2460 1545 2494 argumentum,
1572 2465 1635 2493 quo

212 2514 405 2543 sententiam
431 2518 590 2544 tueantur.
618 2516 728 2552 itaque
753 2515 785 2544 id
810 2514 1022 2552 comprobare
1048 2524 1165 2552 operae
1190 2514 1330 2552 pretium
1355 2523 1425 2543 esse
1450 2513 1634 2543 videbatur.

306 2572 337 2607 1)
363 2571 402 2599 cf.
429 2571 578 2600 Momms.
604 2572 676 2601 hist.
703 2572 795 2602 Rom.
823 2572 878 2600 T3
906 2581 959 2609 pg.
988 2572 1074 2607 886,
1115 2572 1224 2600 adnot.
1250 2571 1339 2599 Brix.
1366 2570 1398 2599 in
1424 2570 1566 2599 adnotat.
1595 2569 1635 2598 ad

213 2627 393 2656 Trimmuni
417 2636 449 2655 v.
478 2628 550 2657 706.

303 2682 336 2723 2)
361 2684 487 2721 Nempe
511 2693 565 2714 eas
591 2684 776 2721 tragoedias
800 2684 942 2722 respexi,
969 2693 1050 2721 quae
1076 2694 1115 2714 ex
1140 2683 1266 2713 Graeco
1291 2683 1467 2713 translatae
1493 2686 1577 2712 sunt.
