1857 3089
835 200 1114 240 -12—

267 304 396 353 Atque
430 302 609 347 Tithoni,
643 303 708 352 qui
741 316 820 339 non
851 303 981 351 Cycno
1013 305 1228 350 prognatus
1259 306 1336 349 est,
1379 305 1444 341 sed
1476 304 1553 340 fuit
1583 304 1681 341 Lao-

265 369 457 405 medontis
502 369 621 414 filius,
666 370 711 406 fit
750 370 894 406 mentio
937 374 980 406 ut
1017 369 1257 416 significetur
1296 383 1416 407 senex
1449 371 1681 419 decrepitus.

265 437 327 473 Sic
348 438 449 484 apud
473 436 639 472 Graecos
670 440 799 473 exstat
818 436 1067 484 proverbium
1095 436 1278 472 Τιθωνοῦ
1307 436 1437 485 γῆρας,
1469 439 1514 475 cf.
1536 438 1679 474 Zenob.

266 507 300 539 6.
341 507 398 547 18,
441 504 542 553 quod
585 503 790 540 dilucidius
831 503 875 540 fit
910 503 978 540 illo
1011 503 1266 540 Mimnermeo
1307 505 1408 552 apud
1439 504 1544 541 Stob.
1576 505 1680 541 Flor.

267 574 356 615 116,
390 573 464 606 33:
509 570 674 620 Τιθωνῷ
714 566 782 616 μὲν
827 568 969 606 ἔδωκεν
1010 568 1105 617 ἔχειν
1146 565 1270 605 κακόν
1301 565 1474 616 ἄφθιτον
1518 565 1540 606 ό
1583 572 1682 614 Ζεῦς

264 637 397 685 γῆρας,
431 632 452 672 ὃ
485 634 549 672 καὶ
581 633 760 673 θανάτου
793 635 917 686 ῥίγιον
950 631 1147 686 ἀργαλέου.
1197 637 1293 673 Tum
1325 637 1425 685 apud
1451 637 1681 685 Aristopha-

264 716 350 739 nem
377 716 496 741 senex
522 704 678 754 quidam
707 708 951 752 comparatus
977 717 1062 741 cum
1085 704 1254 741 Tithono
1287 704 1328 740 in
1351 705 1517 742 Acharn.
1540 719 1575 742 v.
1601 708 1679 742 688

264 770 497 808 describitur
512 786 519 808 ε

371 832 496 885 ἄνδρα
536 832 718 874 Τιθωνὸν
749 832 980 885 σπαράττων
1010 835 1075 873 καὶ
1107 836 1305 887 ταράττωιΙ
1335 836 1396 874 καὶ
1430 840 1573 875 κυκῶν.

263 904 369 940 Talia
406 906 729 952 paratragoduma
772 917 848 941 non
892 904 1018 940 aliena
1052 904 1172 941 fuisse
1204 918 1225 941 a
1255 906 1453 942 comoedia
1482 906 1593 942 testis
1623 910 1682 943 est

265 972 546 1019 Aristophanes
576 972 615 1008 in
649 971 856 1008 Ecclesiaz.
888 984 923 1007 v.
959 973 1086 1008 1042.

533 1033 617 1081 n‘i'gt'
640 1036 674 1074 εἰ
704 1033 993 1084 καταστήσεσθε
1024 1039 1163 1073 τοῦτον
1194 1033 1260 1074 τόν
1291 1033 1412 1086 νόμον

533 1101 604 1152 τήν
635 1106 706 1154 γῆν
739 1100 894 1140 ἅπασαν
921 1099 1148 1141 Οἰδιπόδων
1180 1101 1398 1152 ἐμπλήσετε.

375 1174 457 1209 Iam
491 1173 751 1220 Kiesslingius
781 1172 804 1208 l.
838 1172 861 1208 l.
893 1173 1062 1220 perbene
1095 1173 1277 1209 disseruit
1306 1173 1402 1208 illud
1435 1173 1679 1209 enuntiatum

261 1240 307 1276 de
339 1241 458 1289 Cycni
500 1240 580 1277 filio
623 1254 698 1276 non
739 1240 936 1288 pertinere
977 1241 1021 1276 ad
1055 1240 1286 1285 Tithonum,
1327 1252 1462 1275 verum
1493 1240 1538 1275 ad
1570 1239 1678 1276 illum

262 1308 499 1355 decrepitum
528 1321 669 1353 senem,
703 1319 877 1344 socerum
904 1307 1146 1344 Menaechmi
1179 1307 1348 1352 alterius,
1382 1307 1446 1356 qui
1471 1320 1538 1343 cur
1559 1306 1678 1355 Cycni

261 1374 365 1411 filius
397 1375 635 1423 appelletur,
669 1388 718 1411 ex
749 1375 1048 1425 insequentibus
1078 1374 1190 1410 facile
1219 1380 1277 1410 est
1306 1373 1521 1410 intellectu.
1581 1374 1678 1409 Nam

260 1443 538 1478 Menaechmus
569 1441 684 1490 paulo
717 1447 805 1489 post
834 1454 950 1478 versu
984 1444 1060 1478 858
1095 1441 1210 1478 dicit:

315 1510 450 1547 faciam
485 1510 586 1560 quod
617 1509 749 1554 iubes,
793 1509 957 1546 securim
1000 1509 1148 1557 capiam
1188 1508 1398 1555 ancipitem
1429 1514 1545 1558 atque
1577 1508 1680 1545 hunc

1345 1588 1475 1612 senem

316 1657 400 1681 osse
432 1644 508 1680 fine
541 1644 728 1680 dedolabo
761 1643 958 1680 assulatim
992 1643 1027 1679 ei
1059 1643 1220 1679 viscera.

256 1718 374 1762 atque
406 1711 550 1748 securis
581 1711 762 1758 ancipitis
805 1711 869 1747 vel
899 1710 1082 1759 bipennis
1111 1710 1222 1757 signo
1254 1709 1511 1747 Tenediorum
1543 1710 1680 1748 civitas

257 1778 412 1826 publice
454 1778 494 1814 iu
539 1778 705 1814 nummis
744 1778 948 1823 utebatur,
1000 1789 1162 1826 eamque
1205 1777 1289 1825 ipse
1334 1778 1494 1824 gerebat
1539 1777 1679 1826 Apollo

259 1845 515 1881 Tenediorum
560 1845 766 1892 πολιοῦχος
806 1850 904 1881 teste
953 1844 1124 1881 Aristide
1174 1844 1523 1892 paroemiographo
1578 1846 1679 1893 apud

259 1912 499 1960 Stephanum
541 1912 773 1961 Byzantium
815 1926 842 1948 s.
874 1926 910 1949 v.
961 1909 1142 1955 Τένεδοςε
1185 1908 1249 1946 καὶ
1287 1921 1406 1957 φησιν
1443 1906 1680 1959 Ἀριστείδης

259 1977 324 2014 καὶ
355 1973 459 2015 ἄλλοι
491 1975 558 2015 τόν
590 1976 629 2015 ἒν
667 1976 814 2026 Τενέδῳ
844 1974 1066 2015 Ἀπόλλωνα
1103 1975 1267 2014 πέλεκυν
1306 1974 1370 2014 dio}
1401 1973 1447 2014 τοὶ
1478 1974 1679 2026 συμβάντα

258 2047 338 2088 τοῖς
365 2044 452 2093 περὶ
482 2044 602 2094 Τένην
624 2047 672 2095 ¹).
715 2047 819 2094 Ergo
842 2047 972 2083 verbis
994 2045 1187 2083 Plautinis
1208 2044 1308 2081 nihil
1329 2046 1571 2093 exprimitur,
1604 2047 1676 2084 nisi

256 2113 364 2149 illum
407 2125 537 2149 senem
580 2113 821 2161 decrepitum
862 2114 1039 2162 componi
1081 2125 1194 2161 posse
1235 2126 1319 2149 cum
1351 2113 1493 2149 Tenedi
1527 2113 1677 2150 insulae

257 2181 469 2217 conditore.
531 2184 661 2231 Atque
692 2180 797 2217 illius
829 2181 974 2217 Tenuis
1010 2181 1143 2217 fabula
1173 2180 1317 2217 Critiae
1348 2181 1548 2227 tragoedia
1578 2181 1676 2218 cele-

257 2249 368 2284 brata
406 2253 444 2284 et
484 2248 640 2285 comicis
682 2254 764 2285 erat
804 2248 1035 2296 proverbio,
1077 2260 1164 2284 nam
1196 2247 1389 2284 Zenobius
1423 2247 1475 2283 VI
1520 2252 1541 2283 9
1588 2260 1675 2295 pro-

256 2315 410 2351 verbio:
449 2313 624 2358 Τενέδιος
655 2310 888 2364 ἅνθρωποςε
929 2315 1123 2363 explicato
1156 2314 1285 2362 pergit
1315 2312 1503 2361 μέμνηται
1533 2310 1676 2360 ταύτης

348 2428 380 2456 l)
405 2427 506 2455 Plura
532 2427 571 2456 de
596 2427 655 2456 hac
681 2437 715 2457 re
739 2427 792 2456 vel
819 2427 858 2456 de
883 2426 995 2455 fabula
1025 2427 1147 2455 Tennis
1172 2426 1225 2455 vel
1251 2426 1290 2454 de
1314 2425 1500 2462 proverbiis
1524 2426 1565 2454 ad
1590 2426 1674 2454 hanc

258 2483 401 2512 fabulam
420 2482 645 2520 spectantibus
663 2484 689 2511 si
710 2484 781 2520 quis
800 2487 946 2520 quaerat,
966 2483 1061 2511 adeat
1078 2482 1177 2510 velim
1194 2481 1289 2510 Paus.
1308 2481 1347 2510 X.
1370 2484 1421 2518 14,
1450 2484 1478 2516 1,
1504 2482 1673 2512 Plutarch.

256 2539 318 2576 Qu.
337 2539 450 2568 Graec.
478 2540 531 2574 28,
558 2539 723 2568 Heraclid.
743 2539 889 2567 Politiar.
918 2538 991 2566 libr.
1020 2547 1067 2574 cp.
1089 2538 1161 2573 VH,
1189 2537 1300 2575 Steph.
1319 2539 1399 2575 Byz.
1420 2547 1444 2566 s.
1463 2547 1493 2566 v.
1520 2536 1674 2576 Τένεδος,

256 2596 420 2624 scholiast.
459 2595 499 2623 ad
523 2595 618 2623 Iliad.
644 2595 684 2631 A,
712 2595 763 2624 38.
812 2595 895 2622 Nam
930 2594 991 2623 hoc
1026 2594 1098 2623 loco
1125 2594 1165 2622 de
1190 2594 1240 2623 his
1264 2594 1449 2632 proverbiis
1474 2594 1671 2624 sententiam

256 2651 403 2688 proferre
426 2652 524 2688 longe
549 2660 567 2680 a
591 2660 625 2679 re
651 2651 720 2680 fore
744 2651 852 2679 visum
876 2654 934 2679 est.
