1857 3089
505 273 671 290 55555
763 273 771 288 5

372 277 504 328 Σφίγγ
545 277 692 328 αρρεν,
724 291 771 315 ου
803 274 986 329 μάγειρον
1017 277 1072 324 εἰς
1101 277 1170 329 τήν
1202 279 1329 318 οἰκίαν
1367 279 1519 329 ἒιληφα.

344 344 457 385 Quod
496 346 657 383 Plautus
702 346 940 383 mentionem
981 348 1077 395 Argi
1129 349 1300 385 custodis
1340 349 1408 385 Ius
1450 349 1563 395 facit,
1607 349 1650 385 in

231 412 430 460 Aristoph.
462 412 669 449 Ecclesiaz.
704 416 863 449 80—81
899 414 1104 452 scribitur:

431 474 479 527 νὴ
509 474 578 516 τὸν
609 479 686 516 Δία
714 475 783 516 τὸν
813 475 953 529 σωτῆρ’
984 476 1205 529 ἐπιτήδειός
1234 493 1275 530 γε
1304 476 1352 517 ἂν
1382 473 1431 529 ἦν

434 544 504 594 τὴν
533 547 604 583 τόυ
639 543 856 584 Πανόπτου
888 545 1087 597 διφθέραν
1114 546 1326 596 ἐνημμένος

433 612 540 662 εἴπερ
571 626 628 657 τις
658 608 770 657 ἄλλος
799 612 1003 661 βουκολεῖν
1032 610 1075 652 τό
1108 611 1262 663 δήμιον,

227 681 293 717 ubi
336 681 548 718 scholiasta
578 682 674 718 duce
714 682 922 730 respicitur
953 685 1080 730 Argus
1111 684 1177 720 Ius
1209 687 1348 720 eustos.
1409 681 1522 722 Quod
1552 696 1646 721 vero

232 748 428 785 Prellerus
447 748 482 796 ¹)
529 749 634 795 dicit,
678 748 859 786 Plautum
891 750 1061 786 fabulam
1093 749 1361 798 amplificasse,
1405 763 1489 787 cum
1522 754 1647 787 totum

228 816 407 852 oculeum
449 817 625 854 nominet
663 817 861 853 custodem
902 818 988 863 Ius,
1033 817 1074 853 in
1107 829 1151 853 ea
1180 829 1222 853 re
1253 821 1377 863 errat,
1407 830 1496 853 nam
1530 821 1646 854 ‘totus

228 880 395 920 oculeus’
439 884 567 920 reddit
597 883 785 920 Graecum
816 884 1048 920 vocabulum
1080 879 1302 931 πανόπτης,
1334 897 1411 934 quo
1443 884 1648 921 Plautinae

225 949 379 986 fabulae
411 954 546 987 auctor
568 963 728 998 graecus
751 950 851 987 sicut
872 951 1154 999 Aristophanes
1185 963 1277 987 usus
1309 956 1402 988 erat.
1462 952 1646 988 Ceterum

227 1017 273 1052 ad
305 1018 470 1054 eundem
501 1020 650 1065 Argum
681 1022 831 1066 spectat
862 1031 958 1054 anus
989 1031 1046 1056 vs,
1079 1021 1130 1054 64
1175 1018 1229 1055 sic
1261 1018 1513 1065 compellata:

405 1097 504 1135 quae
535 1085 575 1121 in
608 1085 788 1133 occipitio
822 1097 977 1135 quoque
1008 1086 1127 1123 habet
1157 1085 1288 1122 oculos
1317 1097 1508 1133 pessuma.

228 1152 332 1202 quod
373 1152 540 1189 conferri
579 1153 694 1190 debet
733 1166 818 1190 cum
859 1152 927 1189 illo
969 1153 1136 1191 Graeco:
1180 1149 1349 1189 ὄπισθεν
1379 1154 1549 1201 κεφαλῆς
1581 1148 1647 1201 ὅμ-

228 1213 313 1266 ματ’
343 1216 450 1267 ἔχειν.

341 1287 416 1323 Sed
450 1287 564 1324 etiam
586 1287 690 1323 aliud
721 1292 1005 1335 argumentum,
1039 1301 1115 1338 quo
1138 1287 1399 1334 confirmetur,
1431 1289 1531 1324 hanc
1561 1300 1641 1324 rem

229 1366 364 1402 sapere
406 1353 594 1392 Graecum
637 1355 827 1401 colorem,
878 1356 997 1393 adest.
1067 1357 1328 1392 Mommsenus
1348 1356 1385 1404 2)
1436 1355 1538 1392 enim
1578 1368 1647 1392 suo

226 1421 310 1458 iure
372 1422 671 1468 demonstravit,
716 1422 885 1459 Ennium
928 1423 969 1459 in
1018 1423 1178 1471 prologo
1219 1423 1441 1470 tragoediae
1488 1423 1648 1459 Medeae

226 1489 384 1526 nomina
406 1489 573 1527 Graecae
595 1490 782 1527 historiae
803 1490 989 1527 fabularis
1021 1490 1235 1538 exemplari
1268 1490 1325 1527 sui
1349 1490 1574 1539 explicasse,
1602 1494 1647 1527 ut

226 1560 357 1593 essent
394 1557 610 1605 perspicua.
674 1557 759 1598 Quo
791 1570 897 1594 more
936 1558 1051 1594 etiam
1084 1557 1245 1594 Plautus
1275 1570 1368 1594 usus
1409 1562 1488 1604 est,
1527 1562 1644 1608 atque

225 1624 315 1660 inde
348 1624 540 1674 sequitur,
572 1637 636 1662 eas
666 1637 728 1661 res
758 1625 943 1662 historiae
974 1625 1161 1662 fabularis
1193 1625 1371 1671 Graecae,
1405 1626 1547 1675 quibus
1578 1638 1646 1661 ex-

222 1691 393 1739 plicandi
426 1705 539 1729 causa
575 1693 765 1729 nonnulla
806 1692 956 1730 adiecta
997 1696 1108 1739 sunt,
1151 1706 1200 1729 ex
1242 1692 1387 1730 Graeco
1430 1692 1644 1741 exemplari

225 1771 327 1805 esse,
365 1773 451 1796 cum
483 1760 756 1806 additamenta,
797 1764 840 1796 ut
869 1760 925 1797 ita
955 1760 1088 1805 dicam,
1129 1761 1276 1797 habent
1306 1760 1486 1796 Plautum
1518 1764 1647 1796 aucto-

224 1838 317 1872 rem,
350 1828 451 1876 quod
484 1827 600 1864 etiam
632 1840 682 1863 ex
718 1827 803 1863 aliis
825 1827 930 1873 locis,
963 1839 1061 1877 quae
1092 1827 1195 1863 infra
1215 1827 1479 1873 tractabimus,
1512 1827 1648 1864 elucet.

226 1892 334 1932 Quae
377 1907 462 1930 cum
501 1894 556 1931 ita
603 1895 698 1940 sint,
744 1907 892 1931 summa
939 1895 1082 1931 iniuria
1125 1894 1340 1941 Wagnerus
1388 1895 1429 1930 in
1478 1895 1649 1931 editione

226 1960 451 1997 Aululariae
483 1975 570 1998 eum
600 1975 777 1999 versum:
810 1961 934 2002 Quem
966 1963 1160 2012 quondam
1191 1962 1278 1998 Ioni
1310 1962 1411 1998 Iuno
1451 1963 1648 2000 custodem

225 2028 384 2073 addidit,
418 2028 574 2075 delevit,
607 2030 716 2079 quasi
750 2034 852 2066 esset
882 2034 1088 2078 excerptus
1119 2042 1169 2066 ex
1200 2029 1330 2067 Accio.

337 2095 521 2146 Denique
553 2096 674 2134 fontis
697 2097 982 2134 Corinthiensis
1013 2097 1156 2133 nullam
1188 2097 1373 2144 indagare
1403 2096 1512 2144 potui
1543 2109 1650 2132 men·

224 2163 372 2199 tionem
405 2163 445 2199 in
479 2163 625 2201 Graeca
655 2165 865 2211 comoedia,
897 2166 963 2201 sed
994 2165 1095 2213 apud
1127 2164 1283 2202 Pindar.
1307 2164 1463 2213 Olymp.
1503 2167 1560 2209 13,
1597 2166 1647 2200 86

230 2230 477 2267 nominatur:

433 2299 533 2334 τοῖσι
563 2294 632 2346 μὲν

231 2358 388 2412 ἐξεύχετ’
419 2362 460 2401 ἐν
491 2360 599 2401 ἄστεϊ
630 2362 828 2415 Πειράνας
859 2364 1049 2416 σφετέρου
1083 2362 1232 2415 πατρός
1262 2361 1383 2415 ἄρχοὶν
1415 2363 1479 2401 καὶ
1501 2359 1646 2413 βαθύν.

232 2431 278 2468 cf.
312 2436 513 2479 praeterea
543 2434 678 2482 Eurip.
710 2435 870 2471 Medeae
900 2435 978 2471 fab.
1009 2448 1045 2471 v.
1080 2438 1155 2470 69:

324 2592 356 2627 1)
382 2590 420 2618 cf.
448 2589 585 2619 Preller.
611 2589 750 2627 mythol.
776 2590 890 2619 Graec.
918 2594 996 2619 tom.
1021 2590 1048 2620 1.
1072 2599 1124 2628 pg.
1152 2592 1227 2620 318.
1254 2590 1364 2618 adnot.
1391 2599 1441 2618 ex.

324 2644 356 2683 2)
383 2646 423 2675 cf.
449 2646 564 2675 histor.
588 2646 681 2675 Rom.
705 2647 739 2675 1⁸
768 2655 823 2684 pg.
851 2648 928 2677 912.
954 2647 1065 2676 adnot.
