1857 3089
811 201 1063 243 -5-

228 311 368 347 addere
399 309 508 354 volo,
549 320 599 344 ex
631 320 707 357 quo
738 305 956 343 necessario
988 304 1166 355 sequitur
1198 313 1312 353 quam
1353 302 1458 337 arcte
1490 299 1650 337 coniun-

230 383 314 416 ctus
345 376 396 413 sit
426 380 543 425 poeta
575 376 718 412 Umber
750 388 834 411 cum
857 372 1014 410 Graecis
1047 369 1348 418 exemplaribus.
1407 368 1453 404 In
1487 366 1650 403 Poenuli

226 444 381 481 fabulae
412 456 528 481 versu
561 447 640 479 648
664 441 905 479 Collabiscus
936 440 983 476 ad
1016 441 1256 487 spectatores
1287 448 1501 473 conversus
1533 435 1653 471 advo-

229 516 336 549 catos
367 512 520 549 confert
559 524 644 548 cum
679 509 840 547 canibus
881 507 946 559 qui
989 506 1124 555 lupum
1163 505 1204 541 in
1235 504 1370 553 plagas
1402 501 1651 550 compellant,

227 580 294 617 tali
329 580 467 617 modo:

400 647 493 684 Cum
535 645 680 694 praeda
719 644 783 681 hic
823 642 940 680 hodie
982 640 1131 679 incedit
1169 641 1334 677 venator
1376 639 1554 684 domum3

399 725 514 750 canes
547 710 788 760 compellunt
824 711 864 746 in
896 710 1031 759 plagas
1069 708 1198 757 lepide
1230 707 1363 756 lupum
1384 705 1442 754 1),

228 795 342 832 quem
381 781 515 828 lupum
559 779 706 828 Lycum
739 778 919 816 lenonem
965 789 1048 814 esse
1089 789 1139 812 ex
1169 775 1323 823 integra
1365 786 1481 811 scena
1512 773 1650 810 elucet.

228 849 315 889 Qua
356 861 405 884 ex
435 860 477 885 re
508 847 775 895 intellegimus
818 846 855 882 in
889 844 1036 882 Graeca
1074 843 1209 881 fabula
1246 845 1401 892 poetam
1432 841 1570 878 lusisse
1613 841 1652 876 in

227 916 384 954 nomine
424 915 578 953 lenonis
618 909 763 950 Λύκου
805 916 922 963 atque
964 912 1005 948 in
1038 924 1083 948 ea
1111 910 1238 948 bestia
1269 910 1378 947 cuius
1409 922 1551 946 nomen
1595 911 1655 945 est

227 979 357 1027 λύκος.
419 982 532 1023 Quod
560 982 722 1019 Plautus
749 980 902 1018 invenit
945 983 1065 1030 atque
1095 978 1298 1015 transtulit
1328 989 1456 1029 neque
1486 975 1655 1013 mutavit

226 1053 324 1089 illud
365 1063 508 1088 nomen
539 1049 693 1087 lenonis
734 1050 799 1086 sed
840 1042 962 1084 λύκου
995 1046 1233 1084 mentionem
1265 1044 1414 1093 recepit
1450 1058 1536 1081 cum
1566 1056 1654 1081 ver-

228 1123 330 1157 teret
369 1119 522 1167 lupum,
576 1117 642 1167 qui
684 1117 791 1153 iocus
830 1116 870 1152 in
912 1115 1046 1162 lingua
1084 1113 1225 1150 Latina
1264 1112 1379 1150 valde
1418 1111 1578 1149 vacillat
1616 1115 1656 1148 et

228 1187 430 1232 claudicat,
471 1198 584 1236 quam
629 1185 676 1221 ob
708 1197 787 1220 rem
828 1183 903 1219 iam
937 1182 1151 1218 Lambinus
1183 1180 1344 1216 nimium
1379 1179 1545 1226 diligens
1578 1178 1654 1228 Ly-

228 1268 314 1292 cum
346 1253 513 1290 inseruit
543 1265 613 1301 pro
645 1252 749 1300 lupo.
810 1251 884 1287 Sed
917 1249 1194 1301 quoquomodo
1237 1261 1298 1284 res
1330 1260 1369 1284 se
1402 1247 1539 1293 habet,
1584 1259 1654 1283 nos

228 1325 378 1358 mutare
421 1321 521 1356 hanc
558 1318 766 1356 lectionem
808 1331 885 1354 non
920 1318 979 1354 fas
1012 1321 1089 1363 est,
1133 1329 1217 1353 cum
1260 1315 1351 1351 inde
1387 1314 1655 1362 intelligamus

226 1390 410 1427 Plautum
442 1389 497 1425 ita
527 1386 704 1434 vestigiis
736 1398 860 1423 novae
893 1385 1115 1422 comoediae
1145 1383 1355 1429 institisse,
1393 1386 1437 1419 ut
1468 1381 1654 1419 Graecam

230 1457 358 1493 iocum
389 1457 474 1505 ipsa
506 1454 642 1491 Graeci
675 1459 813 1503 poetae
845 1453 966 1490 verba
996 1451 1286 1489 accuratissime
1317 1453 1474 1487 secutus
1505 1450 1655 1498 profer—

229 1527 289 1561 ret
318 1527 436 1574 atque
478 1535 523 1559 ea
563 1534 605 1558 re
636 1522 873 1558 obscuraret.
935 1521 1144 1557 Praeterea
1174 1522 1303 1556 autem
1334 1518 1399 1554 hic
1429 1530 1566 1555 versus
1598 1517 1653 1553 di-

230 1605 330 1639 gnus
362 1596 422 1628 est
453 1590 519 1641 qui
542 1589 818 1637 conspiciatur,
848 1601 936 1624 nam
968 1600 1013 1623 eo
1044 1586 1229 1624 certiores
1258 1586 1350 1623 facti
1384 1598 1516 1622 sumus
1538 1584 1651 1621 etiam

230 1659 388 1696 nomina
427 1670 680 1707 personarum
723 1669 800 1693 non
842 1667 1053 1706 numquam
1096 1668 1118 1691 a
1159 1654 1299 1692 Plauto
1339 1653 1530 1691 translata
1570 1665 1654 1689 esse

229 1741 279 1764 ex
310 1726 466 1763 Graecis
497 1724 652 1762 fabulis.

346 1795 482 1844 Itaque
515 1806 601 1830 cum
631 1793 727 1829 haec
759 1791 889 1828 omnia
921 1790 1231 1836 consideremus,
1274 1802 1406 1826 nonne
1438 1789 1652 1825 concedere

232 1863 441 1907 debemus,
470 1860 573 1897 illam
609 1860 875 1910 quaestionem
910 1872 978 1895 suo
1009 1859 1093 1895 iure
1125 1857 1365 1907 propositam
1399 1869 1503 1902 esse,
1549 1857 1652 1907 quod

232 1929 369 1966 summi
402 1928 587 1966 momenti
620 1928 671 1965 sit
702 1927 914 1964 diiudicare
947 1926 1040 1977 quid
1081 1926 1131 1962 sit
1169 1929 1236 1962 aut
1268 1925 1436 1961 Graecae
1477 1928 1545 1961 aut
1576 1924 1654 1961 Ro-

230 2010 365 2033 manae
398 1997 561 2044 originis
592 1996 633 2032 in
664 1994 876 2033 comoediis
908 1993 1126 2032 Plautinis?
1188 1992 1381 2032 Quoniam
1413 1995 1543 2029 autem
1575 2005 1654 2029 una

230 2064 504 2115 disquisitione
537 2064 667 2101 omnia
705 2064 752 2100 ad
780 2064 880 2100 hanc
912 2076 991 2100 rem
1025 2062 1245 2111 spectantia
1276 2073 1504 2110 percurrere
1537 2073 1650 2097 nemo
1694 2104 1701 2110 υ

229 2136 370 2180 potest,
405 2131 585 2182 equidem
607 2132 701 2168 mihi
735 2135 778 2168 ut
809 2130 956 2181 aliquid
985 2130 1200 2179 proferrem
1233 2130 1306 2166 hoc
1337 2129 1422 2166 loco
1455 2128 1652 2177 proposui,

229 2213 291 2236 res
323 2201 368 2236 ad
401 2199 601 2236 historiam
634 2199 851 2236 fabularem
885 2201 1106 2247 spectantes
1138 2198 1373 2234 examinare.

344 2268 575 2318 Priusquam
608 2272 735 2304 autem
769 2267 815 2303 ad
847 2266 954 2315 ipsos
975 2265 1092 2312 locos,
1127 2265 1192 2316 qui
1227 2266 1273 2301 ad
1305 2265 1508 2303 historiam
1541 2265 1652 2301 fabu-

228 2336 348 2372 larem
381 2339 569 2384 spectant,
602 2335 892 2372 adumbrandos
923 2334 1152 2380 accedimus,
1185 2333 1376 2370 nonnulla
1405 2332 1649 2381 praemoneri

229 2404 333 2440 haud
366 2416 388 2439 a
418 2416 459 2440 re
491 2403 575 2440 fore
613 2402 739 2440 visum
781 2407 850 2440 est.
919 2402 1153 2439 Tractentur
1184 2401 1286 2438 enim
1319 2401 1376 2437 illi
1416 2413 1570 2447 versus,
1611 2401 1652 2437 in

229 2471 370 2520 quibus
400 2484 591 2519 personae
622 2471 839 2508 cotidianae
873 2471 976 2508 vitae
1019 2473 1310 2518 componuntur
1348 2483 1433 2506 cum
1465 2469 1651 2506 heroibus

227 2538 291 2574 vel
322 2538 408 2575 aliis
429 2539 692 2587 mythologiae
720 2539 855 2587 figuris
887 2539 1003 2575 rebus
1035 2551 1168 2575 eorum
1201 2537 1346 2574 comice
1379 2536 1532 2574 collatis
1565 2550 1651 2574 cum

321 2625 351 2668 1)
378 2628 424 2657 sic
449 2628 535 2657 enim
554 2627 759 2656 scribendum
785 2632 833 2658 est
859 2629 968 2657 codice
985 2627 1203 2657 Ambrosiano
1228 2627 1328 2664 duce,
1355 2636 1451 2664 quam
1478 2626 1650 2655 lectionem

229 2684 383 2714 Goetzius
408 2688 439 2714 et
463 2685 582 2714 Loewe
606 2684 639 2713 in
665 2684 801 2713 Poenuli
827 2684 968 2713 editione
994 2684 1255 2721 adsumpserunt.
