1857 3089
183 288 499 328 Travolaverunt
530 289 575 326 ad
608 290 744 328 hostis.
805 291 901 329 Tum
932 291 999 329 ille
1031 294 1263 340 prognatust
1294 291 1432 339 Theti,

186 356 280 394 Sine
310 357 467 406 perdat:
498 356 575 394 alia
605 359 870 407 adportabunt
899 359 1017 397 Nerei
1050 359 1085 396 ei
1117 359 1234 397 filiae.

294 426 425 475 Atque
447 425 615 473 primum
638 426 794 476 quidem
819 439 974 465 versum
998 430 1049 463 32
1081 427 1210 464 redire
1241 427 1288 463 ad
1320 426 1602 476 lepidissimam

181 491 344 529 Homeri
378 492 425 529 de
456 492 676 542 tripodibus
707 493 897 539 fabulam,
938 494 1016 530 iam
1047 494 1191 531 dudum
1230 493 1486 532 intellexerat
1516 495 1603 530 Mu-

181 563 288 596 retus
331 559 377 598 V.
420 560 444 598 l.
488 560 540 598 X.
589 564 657 598 10:
705 555 748 596 τοὶ
786 554 1114 607 Ἡφαιστότευκτα
1154 561 1388 612 plerumque
1429 561 1604 599 animata

181 630 312 665 erant:
356 632 400 665 ut
438 627 496 664 illi
538 628 732 677 tripodes,
773 628 820 665 de
860 628 1001 679 quibus
1046 630 1149 678 apud
1180 628 1436 667 Aristotelem
1475 628 1602 677 primo

181 694 461 743 Politicorum,
515 708 613 747 quos
657 695 713 733 ait
753 696 949 733 Homerus
989 691 1240 743 αὐτομάτους
1279 697 1392 733 θεῖον
1435 693 1603 733 δυέσθαι

184 757 333 812 ἀγῶνα,
364 763 442 810 legi
474 767 616 812 potest.
677 763 830 801 Deinde
861 764 980 802 Nerei
1012 763 1114 801 filias
1145 763 1293 801 Achilli
1325 776 1433 801 arma
1463 764 1602 813 adpor-

179 830 346 876 tavisse,
399 830 541 882 quibus
583 830 800 869 instructus
842 831 883 869 in
929 832 1075 870 bellum
1117 832 1318 881 profectus
1358 835 1441 878 est,
1490 833 1604 869 docet

179 898 376 936 canticum
414 899 548 948 Eurip.
580 899 725 938 Electr.
756 898 896 949 (442):

451 965 635 1019 Νηρῇδες
665 962 699 1003 δ’
734 961 936 1015 Εὐβοῖδας
967 962 1089 1011 ἆκτοὶς
1119 967 1302 1003 λιποῦσαι

446 1029 659 1081 Ἡφαίστου
689 1032 862 1084 χρυσέων
893 1029 1078 1083 ἀκμόνων

450 1097 628 1150 μόχθους
659 1096 851 1146 ἀσπιστὰς
883 1099 1027 1153 ἔφερον
1057 1097 1218 1151 τεύχεων
1250 1115 1329 1153 eqs.

177 1168 287 1206 Haec
327 1169 413 1218 ipsa
454 1182 561 1207 arma
592 1169 776 1207 induerat
807 1169 1012 1206 Patroclus
1043 1174 1162 1220 atque
1194 1170 1431 1220 perdiderat.
1492 1171 1597 1217 Ergo

176 1241 294 1286 poeta
324 1250 411 1274 cum
443 1237 540 1274 dicit
572 1237 662 1274 ‘alia
693 1234 982 1287 adportabunt'‚
1017 1237 1180 1287 respicit
1211 1238 1258 1275 ad
1289 1237 1397 1275 illam
1427 1237 1600 1287 priorem

177 1305 389 1343 Nereidum
430 1305 721 1354 expeditionem
767 1308 886 1356 atque
925 1308 1059 1354 putat,
1109 1306 1209 1356 quod
1253 1309 1370 1343 antea
1410 1305 1599 1343 Nereides

177 1385 284 1411 arma
314 1376 585 1423 portaverunt,
616 1386 680 1410 eas
712 1373 854 1410 iterum
885 1372 955 1410 illa
986 1386 1088 1412 nova
1119 1385 1227 1411 arma
1257 1373 1448 1411 attulisse.
1511 1373 1597 1414 Quo

175 1441 260 1478 ioco
293 1441 406 1478 modo
438 1441 504 1478 ille
535 1440 592 1478 uti
625 1440 774 1489 potuit,
819 1440 885 1492 qui
927 1444 1050 1478 totam
1081 1440 1195 1478 istam
1237 1440 1411 1478 fabulam
1442 1444 1597 1490 praesto

175 1510 336 1559 habuit,
369 1509 473 1560 quod
505 1521 527 1546 a
558 1509 698 1546 Plauto
729 1508 941 1558 impetrare
973 1509 1193 1560 nequimus,
1226 1522 1362 1547 verum
1393 1521 1416 1546 a
1447 1508 1596 1547 Graeco

175 1581 312 1626 poeta,
358 1590 473 1628 quem
504 1590 582 1615 non
615 1577 737 1624 fugit,
784 1577 901 1615 talem
933 1576 1200 1614 narrationem
1231 1577 1334 1626 apud
1366 1577 1598 1626 Euripidem

176 1649 344 1683 exstare.
404 1646 490 1682 Hac
521 1644 643 1692 igitur
672 1658 714 1682 re
751 1649 932 1695 apparet,
964 1644 1078 1683 nobis
1111 1657 1315 1683 occurrere
1347 1646 1449 1695 apud
1481 1645 1597 1682 Plau-

176 1717 259 1751 tum
291 1727 353 1751 res
383 1712 571 1751 Romanis
612 1712 770 1750 omnino
808 1713 982 1760 ignotas3
1025 1715 1144 1763 atque
1176 1713 1362 1750 Goetzius
1392 1713 1415 1750 l.
1440 1713 1466 1753 l.
1497 1713 1595 1750 falso

176 1781 325 1819 iudicat
352 1795 439 1819 cum
460 1784 605 1828 censet,
638 1783 792 1830 poetam
815 1779 988 1818 alludere
1010 1780 1072 1817 his
1094 1780 1273 1819 versibus
1295 1794 1390 1828 rem,
1422 1793 1521 1832 quae
1552 1787 1597 1818 ut

177 1850 290 1887 nobis
321 1849 458 1897 ignota
488 1852 558 1895 est,
590 1849 646 1885 ita
677 1848 744 1885 illo
776 1851 953 1897 tempore
985 1848 1197 1886 multorum
1221 1848 1261 1885 in
1286 1861 1352 1886 ore
1374 1848 1505 1895 fuerit,
1538 1853 1594 1886 at-

175 1930 249 1968 que
282 1930 360 1954 non
392 1917 476 1954 sine
507 1916 640 1967 aliqua
667 1916 913 1953 dubitatione
943 1916 985 1953 in
1017 1919 1145 1954 castra
1166 1915 1407 1954 Schmiederi
1439 1916 1593 1963 transit,

175 1985 241 2036 qui
281 1985 398 2023 dicit:
444 1984 598 2031 Caium,
642 1983 805 2034 opinor,
847 1983 1075 2022 Terentium
1119 1984 1337 2022 Varronem
1379 1984 1420 2021 in
1462 1988 1594 2022 mente

171 2053 312 2100 habet,
364 2052 484 2090 cladis
529 2052 744 2090 Cannensis
792 2055 992 2090 auctorem
1042 2052 1304 2089 temerarium.
1378 2051 1451 2089 Sed
1501 2052 1592 2090 vide

175 2133 289 2170 quam
319 2133 408 2158 raro
435 2124 572 2170 poetae
603 2124 692 2170 post
714 2120 908 2159 Naevium
932 2120 973 2156 in
995 2120 1205 2157 comoediis
1229 2132 1416 2170 personas
1438 2132 1594 2167 aggres-

172 2189 203 2226 si
238 2189 336 2237 sint3
381 2188 474 2239 quid
507 2188 676 2238 denique
706 2188 747 2225 in
779 2188 858 2225 illis
889 2187 1069 2228 versibus
1102 2192 1183 2232 est,
1228 2187 1330 2238 quod
1362 2187 1475 2224 nobis
1506 2199 1594 2235 per-

171 2257 352 2303 suadeat,
400 2257 502 2293 hanc
532 2269 614 2294 rem
645 2255 817 2305 respici?
876 2257 1000 2293 Immo
1032 2256 1079 2293 ad
1122 2255 1328 2293 historiam
1371 2255 1589 2293 fabularem

170 2329 253 2362 tota
292 2338 355 2362 res
386 2324 591 2361 referenda
633 2327 708 2368 est,
749 2336 839 2360 nam
881 2324 995 2361 modo
1036 2323 1083 2361 de
1124 2323 1279 2361 Achille
1317 2324 1438 2363 verba
1477 2323 1586 2360 fiunt.

169 2394 301 2442 Atque
332 2405 374 2430 re
405 2405 499 2431 vera
528 2405 636 2429 arma
667 2391 882 2441 perdidisse
914 2405 1045 2429 nonne
1079 2391 1223 2428 Achilli
1272 2394 1356 2429 erat
1396 2404 1475 2428 non
1518 2404 1584 2440 op-

170 2459 360 2507 probrio?
401 2461 582 2497 Ceterum
604 2459 805 2506 Nereides,
833 2472 932 2511 quae
954 2459 1101 2497 Achilli
1124 2472 1232 2497 arma
1252 2460 1473 2509 adportant,
1506 2473 1583 2496 non

171 2527 290 2563 semel
320 2527 449 2575 pictae
480 2531 571 2564 sunt
601 2527 641 2563 in
673 2528 778 2565 vasis
813 2527 860 2564 cf.
893 2527 1064 2577 exempli
1096 2528 1223 2575 gratia
1255 2527 1470 2566 Overbeck.
1501 2541 1585 2564 mo·-

169 2606 272 2630 num.
304 2594 449 2631 heroic.
481 2595 558 2631 tab.
591 2593 746 2640 XVIII,
782 2597 844 2631 13.
875 2595 953 2632 tab.
984 2594 1119 2641 XVII,
1156 2598 1188 2632 l.
