1857 3089
752 224 1033 266 -43..-

241 327 399 379 Σφίγγα
434 326 613 376 Θηβαῖαν
643 323 684 365 δὲ
715 323 844 372 πάσας
875 325 953 364 ἔστι
985 320 1052 370 τὰς
1084 321 1235 375 πόρνας
1266 325 1408 361 καλεῖν.

242 390 317 432 εἶθ’
347 390 370 433 ό
401 392 469 444 μὲν
501 397 618 446 γνοῦς
648 389 752 432 ταῦτ’
785 390 967 443 ἀπῆλθεν
1006 388 1132 437 εὐθύς
1164 387 1295 442 ὥσπερ
1332 390 1532 436 Οἰδίπους.

296 533 345 568 In
376 531 628 568 Pseudoli
661 543 774 567 versu
809 532 913 566 1063
946 529 1051 565 Simo
1083 530 1336 577 percontatur
1366 540 1458 563 num
1489 527 1608 562 Pseu-

185 599 307 647 dolus,
340 600 439 637 sieut
469 598 711 647 promiserat,
743 597 913 646 puellam
946 595 1115 633 Ballioni
1146 595 1279 632 lenoni
1310 594 1515 643 eripuerit:

389 666 502 703 Visso
535 665 627 717 quid
658 678 788 702 rerum
819 677 927 702 meus
957 664 1095 701 Ulixes
1127 663 1261 711 egerit,

388 735 522 770 Iamne
553 733 694 770 habeat
725 732 879 780 signum
911 744 961 768 ex
991 744 1078 768 arce
1110 730 1314 768 Ballionia.

186 802 300 842 Quod
346 804 496 850 spectat
537 801 584 837 ad
627 800 844 837 Palladium
886 812 936 836 ex
981 811 1068 836 aree
1109 798 1247 836 Troiae
1290 799 1517 846 subreptum
1562 797 1608 833 ab

183 870 300 907 Ulixe
341 873 381 906 et
422 869 625 906 Diomede.
695 869 741 904 ad
783 869 944 905 eandem
987 880 1068 905 rem
1113 866 1213 904 ludit
1256 866 1455 914 Aristoph.
1500 878 1609 913 vesp.

187 941 265 975 350
297 951 398 988 eqs.:

241 1003 343 1042 ἔστιν
374 999 454 1052 ὀπὴ
486 1002 568 1051 ὅῆθ
598 999 715 1052 ἥντιν’
754 998 800 1040 ἂν
831 1001 996 1040 ἔνδοθεν
1028 997 1112 1046 οἷος
1142 998 1175 1038 τ’
1213 1000 1294 1049 εἴης
1325 997 1502 1051 διορύξαι

242 1067 307 1109 εἶτ’
345 1069 503 1109 ἒκὸῦναι
525 1068 682 1121 ῥάκεσιν
704 1068 914 1121 κρυφθεὶς,
949 1066 1079 1118 ὥσπερ
1099 1065 1316 1118 πολύμητις
1335 1063 1556 1112 Ὀδυσσεῦς.

186 1140 361 1181 Quocum
395 1141 478 1177 loeo
511 1139 806 1188 coniungendus
838 1143 897 1177 est
926 1152 1063 1177 versus
1098 1141 1200 1175 1244
1232 1138 1349 1175 huius
1379 1137 1553 1174 fabulae:

294 1207 503 1256 Superavit
529 1208 658 1244 dolum
681 1207 891 1244 Troianum
913 1210 1031 1258 atque
1055 1207 1213 1244 Ulixem
1231 1205 1459 1243 Pseudolus.
1503 1203 1610 1244 Quo-

185 1277 291 1314 niam
322 1275 459 1313 Ulixes
491 1275 743 1323 coniungitur
775 1289 857 1313 oum
893 1275 980 1312 dolo
1011 1275 1198 1320 Troiano,
1230 1275 1304 1311 hoc
1336 1276 1511 1322 spectare
1542 1285 1610 1320 po-

184 1348 262 1383 test
303 1347 370 1380 aut
411 1343 457 1380 ad
498 1342 717 1380 Palladium
769 1347 923 1392 raptum
966 1364 1016 1370 —
1062 1346 1178 1393 atque
1219 1343 1293 1379 hoo
1334 1341 1405 1379 tibi
1446 1341 1611 1377 fortasse

184 1416 333 1450 rectum
356 1424 439 1449 esse
459 1411 626 1457 videtur,
660 1424 746 1449 oum
777 1412 818 1448 in
840 1424 955 1449 scena
975 1411 1106 1460 priore
1129 1411 1174 1448 de
1206 1410 1376 1459 palladio
1397 1411 1536 1457 agatur
1556 1429 1610 1434 —

184 1484 252 1518 aut
282 1481 328 1517 ad
358 1479 465 1516 illam
498 1492 614 1530 quam
643 1483 787 1518 vocant
818 1478 1009 1528 πτωχείαν
1040 1479 1179 1516 Ulixis.
1248 1477 1360 1519 Quod
1392 1489 1453 1514 me
1484 1476 1610 1513 iudice

184 1549 267 1586 veri
299 1552 358 1586 est
387 1547 573 1593 similius,
616 1560 706 1584 nam
746 1548 787 1584 in
820 1551 898 1584 949
932 1548 1135 1593 Baoohffl„
1176 1546 1243 1583 ubi
1276 1547 1321 1583 de
1355 1545 1489 1582 eodem
1521 1543 1609 1581 dolo

185 1616 333 1664 agitur,
378 1618 600 1662 enarratur,
642 1615 797 1653 Ulixem
829 1616 943 1654 ‘facta
972 1615 1147 1653 Iliorum'
1179 1614 1461 1665 exquisivisse,
1506 1612 1610 1662 quod

185 1697 265 1721 non
297 1684 461 1734 quadrat
491 1683 532 1720 in
564 1687 719 1732 raptum
751 1683 986 1729 Palladium,
1019 1684 1084 1721 sed
1116 1684 1156 1720 in
1187 1682 1294 1719 illam
1325 1679 1528 1729 πτωχείαν,
1561 1680 1609 1717 of.

186 1752 302 1789 Hom.
337 1751 476 1801 Odyss.
509 1753 554 1787 A.
588 1755 667 1788 240
694 1765 775 1802 eqs.
838 1752 927 1789 Huc
958 1752 1118 1798 aceedit,
1151 1751 1255 1801 quod
1286 1750 1387 1798 apud
1410 1748 1510 1785 Plin.
1545 1750 1609 1793 35,

191 1822 268 1855 138
313 1819 454 1856 dieitur
494 1820 540 1856 de
581 1832 788 1856 numerosa
817 1819 950 1857 tabula
981 1818 1295 1867 Aristophontis‚
1338 1817 1379 1853 in
1412 1828 1490 1866 qua
1519 1818 1610 1852 sunt

186 1886 366 1924 Priamus
410 1886 563 1924 Helena
603 1886 819 1925 Credulitas
856 1887 993 1924 Ulixes
1026 1887 1254 1935 Deiphobus
1284 1885 1419 1922 Dolus.
1481 1886 1611 1933 Atque

188 1954 281 1992 Otto
321 1954 422 1991 Iahn
464 1954 657 1992 disserens
700 1955 745 1992 de
785 1955 857 1992 hae
899 1967 940 1992 re
971 1955 1012 1991 in
1043 1954 1172 1992 annal.
1204 1951 1485 2000 arohaeologic.
1516 1964 1607 1988 ann.

192 2023 296 2058 1847
330 2035 392 2070 pg.
432 2021 518 2068 127,
550 2022 715 2070 exponit
744 2026 866 2060 totam
897 2022 1068 2059 tabulam
1101 2025 1276 2070 spectare
1306 2021 1354 2058 ad
1385 2019 1513 2057 Ulixis
1542 2032 1610 2056 ex-

187 2089 446 2137 plorationem
486 2089 593 2126 urbis
625 2089 783 2136 Troiae,
826 2103 904 2140 qua
942 2089 984 2126 in
1024 2103 1065 2127 re
1096 2089 1338 2127 instituenda
1377 2089 1424 2125 ab
1456 2087 1611 2124 Helena

186 2156 342 2203 agnitus
373 2161 441 2193 est.
516 2160 569 2194 At
598 2157 674 2194 alia
713 2170 869 2208 quoque
901 2170 1017 2195 eausa
1055 2161 1135 2203 est,
1182 2169 1248 2194 our
1286 2156 1353 2192 ille
1384 2154 1495 2192 dolus
1526 2166 1609 2191 esse

186 2224 326 2261 debeat
356 2224 522 2272 πτωχεία
552 2225 702 2271 Ulixis,
733 2239 812 2262 non
857 2225 1068 2274 palladium
1107 2228 1275 2274 raptum.
1336 2224 1473 2273 Neque
1506 2221 1609 2258 enim

187 2291 301 2328 cardo
343 2292 385 2328 in
425 2305 470 2329 ea
509 2306 550 2330 re
582 2294 769 2339 vertitur,
811 2293 914 2343 quod
946 2292 986 2329 in
1016 2293 1084 2330 illa
1127 2305 1242 2331 scena
1284 2291 1415 2329 lenoni
1461 2289 1609 2340 aliquid

187 2358 371 2408 eripitur,
430 2360 496 2397 sed
538 2361 641 2411 quod
683 2360 899 2398 Pseudolus
939 2360 1112 2408 perficit,
1163 2364 1207 2398 ut
1237 2360 1326 2397 leno
1368 2357 1609 2396 subditivum

189 2426 410 2474 Harpagem
455 2431 567 2475 putet
616 2440 700 2465 esse
745 2440 881 2466 verum
924 2429 1106 2466 nuntium
1146 2427 1305 2473 militis;
1359 2430 1476 2477 atque
1532 2425 1609 2462 tale

188 2493 336 2543 aliquid
375 2508 455 2531 non
495 2494 598 2531 inest
639 2495 679 2530 in
730 2495 906 2533 Palladio
948 2500 1082 2544 rapto,
1138 2496 1204 2532 sed
1244 2495 1284 2531 in
1329 2494 1459 2531 Ulixis
1507 2506 1609 2528 πτω-

189 2559 294 2612 χείᾳ,
342 2561 408 2597 ubi
448 2561 515 2597 ille
554 2566 664 2599 veste
703 2565 851 2600 mutata
882 2563 1087 2611 prohibet,
1132 2562 1340 2613 quominus
1381 2574 1403 2598 a
1432 2560 1610 2598 Troianis
1667 2563 1677 2576 ¹

190 2633 446 2675 agnoscatur,
477 2632 516 2666 et
546 2640 587 2665 re
617 2641 710 2667 vera
740 2630 939 2667 mendicus
969 2631 1147 2668 habetur.
1209 2631 1348 2681 Itaque
1379 2630 1418 2666 id
1450 2629 1497 2666 ad
1527 2628 1609 2665 Uli-

190 2695 253 2733 xis
274 2696 586 2745 explorationem
606 2696 850 2733 referendum
885 2709 967 2734 esse
999 2711 1103 2735 nunc
1134 2698 1288 2735 demum
1319 2697 1414 2735 satis
1444 2699 1608 2734 constat.
