1857 3089
754 207 1034 248 -47—

381 306 502 347 τῶνδέ
533 304 563 346 τ’
595 304 744 358 ἀμείβει
775 305 978 353 θανάτους
1009 304 1118 345 θανά
1150 330 1202 335 —

383 392 458 415 των
490 372 536 413 τά
569 372 594 413 τ’
630 374 816 425 ἐπώνυμα
848 375 984 412 δεῖπνα
1019 372 1192 412 Θυέστου
1223 389 1302 426 eqs.

291 445 390 482 Tum
411 445 452 481 in
484 458 602 483 versu
627 447 704 482 160
737 444 854 481 huius
886 443 1042 480 fabulae
1064 443 1278 492 Sceparnio
1312 443 1406 479 duas
1428 442 1604 489 virgines

180 513 220 549 in
252 512 369 550 litore
402 513 592 558 sedentes,
626 525 721 563 quas
753 512 896 549 fluctus
927 524 976 549 ex
1008 510 1101 548 navi
1134 511 1181 547 ad
1212 510 1306 547 litus
1337 510 1603 555 adverterant,

180 581 429 629 conspicatus
462 580 675 618 exclamat:

446 647 512 685 Set
543 661 564 684 o
596 647 818 692 Palaemon,
851 648 983 682 sancte
1014 645 1188 695 Neptuni
1222 658 1368 691 comes,

449 714 526 755 Qui
558 714 741 752 Herculis
774 713 901 750 socius
934 727 1017 750 esse
1049 713 1202 752 diceris.

178 783 226 819 ef.
258 782 433 831 Euripid.
466 782 552 830 Iph.
584 782 736 820 Tauric.
770 785 863 828 268,
906 781 972 819 ubi
1016 784 1150 831 pastor
1190 781 1342 817 duobus
1373 780 1601 817 adulescen-

179 850 286 887 tibus
316 850 357 886 in
390 849 506 886 litore
538 849 758 899 conspectis
788 849 1002 887 exclamat:

440 907 471 953 ὦ
502 916 664 961 ποντίας
694 919 770 954 παῖ
797 914 1046 962 Λευκοθέας,
1079 917 1177 953 νεῶν
1209 911 1347 963 φύλαξ,

439 982 619 1021 Δέσποτα
657 984 873 1032 Παλαῖμον,
905 982 1017 1028 ἵλεως
1048 978 1142 1032 ἡμῖν
1173 983 1299 1033 γενοῦ.

295 1056 425 1104 Atque
471 1051 684 1100 Παλαίμων
737 1065 850 1103 quem
894 1051 1060 1089 Romani
1115 1052 1332 1088 Portunum
1385 1050 1599 1099 appellant,

179 1121 461 1167 naufragorum
504 1133 666 1165 numen,
698 1119 866 1170 ideoque
898 1124 988 1169 apte
1010 1119 1183 1169 Neptuni
1218 1132 1345 1156 comes
1367 1118 1497 1156 vocari
1532 1131 1602 1166 po-

178 1190 278 1234 test,
323 1188 425 1237 quod
471 1187 588 1224 etiam
632 1187 829 1224 Prellerus
871 1187 912 1224 in
954 1187 1119 1236 mythol.
1162 1185 1296 1223 Graec.
1342 1186 1373 1223 Ι.
1416 1199 1479 1235 pg.
1521 1189 1599 1222 494

178 1255 274 1292 satis
316 1255 600 1304 comprobavit.
687 1255 790 1296 Quid
833 1268 926 1293 vero
970 1255 1165 1302 significet
1208 1253 1471 1291 ‘Herculis
1524 1267 1602 1290 so-

178 1319 327 1369 cius',
361 1322 454 1360 satis
488 1324 696 1360 obscurum
729 1326 797 1369 est,
830 1336 958 1373 neque
990 1322 1113 1359 ullum
1144 1323 1316 1359 fructum
1347 1321 1521 1370 capimus
1553 1334 1602 1358 ex

177 1390 427 1441 Apollodoro
451 1391 519 1439 (II.
552 1403 610 1440 cp.
641 1390 694 1440 7.)
728 1390 792 1441 qui
826 1390 1103 1428 Palaemonem
1135 1390 1318 1428 Herculis
1350 1389 1476 1426 filium
1507 1389 1602 1425 dicit

178 1457 216 1504 ἐξ
246 1454 453 1507 Αὐτονόης
494 1459 561 1506 τῆς
595 1456 779 1509 Πειρέως.
843 1460 918 1497 Sed
958 1460 1034 1497 hoc
1076 1462 1225 1497 certum
1268 1462 1327 1496 est
1369 1457 1601 1495 Melicerten

178 1540 321 1564 nomen
345 1526 591 1563 Palaemonis
626 1540 709 1564 esse
731 1527 968 1564 Phoeniciae
992 1526 1142 1574 orginis
1175 1530 1213 1563 et
1243 1526 1346 1563 idem
1378 1526 1601 1573 significare

179 1598 297 1645 atque
328 1593 513 1632 Herculis
544 1607 685 1632 nomen
727 1595 984 1632 Phoenicium
1019 1593 1287 1644 Μαλίκαρθον
1326 1593 1389 1631 vel
1421 1593 1600 1630 Melcart.

178 1662 386 1713 Sequitur,
432 1665 475 1699 ut
519 1663 707 1712 quaedam
741 1662 995 1699 ‘familiaritas
1034 1662 1278 1699 intercedere
1321 1661 1479 1707 debeat,
1524 1674 1599 1712 quo

180 1730 343 1776 accedit,
376 1730 480 1781 quod
510 1730 549 1767 in
581 1731 696 1768 titulo
727 1730 888 1768 Boetico
917 1729 1129 1777 Παλαίμων
1160 1733 1220 1767 est
1250 1742 1465 1777 cognomen
1498 1729 1599 1766 Her-

181 1797 279 1835 culis
311 1798 375 1846 (cf.
398 1797 499 1834 Keil.
530 1798 707 1847 inscript.
743 1798 874 1835 Boeot.
900 1801 963 1836 84.
987 1798 1067 1847 85),
1096 1801 1214 1848 atque
1245 1798 1347 1834 hanc
1377 1810 1460 1834 rem
1492 1797 1593 1846 apud

181 1865 483 1914 Lycophronem
506 1879 671 1918 quoque,
703 1866 768 1904 ubi
803 1865 1013 1903 Palaemon
1045 1869 1104 1903 est
1135 1860 1344 1913 ἐπώνυμον
1363 1858 1599 1915 ΓΗρακλεόυς

180 1932 416 1979 invenimus,
448 1934 496 1971 cf.
530 1937 629 1972 663:

383 2002 452 2038 τοῦ
486 1996 762 2051 Κηραμύντου,
804 1998 999 2046 Πευκέως,
1038 1999 1302 2047 Παλαίμονος,
1335 2003 1453 2051 atque
1486 2001 1598 2037 scho-

179 2068 285 2105 liast.
318 2068 363 2105 ad
396 2069 502 2106 hunc
540 2069 688 2116 locum,
735 2069 801 2120 qui
844 2069 884 2105 in
917 2068 1088 2106 Hercule
1122 2067 1356 2105 Palaemone
1387 2068 1599 2105 Herculem

181 2129 408 2180 α’λεξίκακον
449 2137 577 2174 inesse
617 2140 740 2186 putat.
803 2136 950 2178 Quodsi
994 2136 1285 2173 consideramus
1324 2135 1598 2171 Palaemonem

179 2217 322 2240 numen
355 2205 631 2252 naufragorum
664 2205 772 2256 quasi
807 2205 919 2242 deum
950 2205 1193 2241 defensorem
1227 2216 1321 2249 esse,
1356 2215 1434 2239 non
1466 2202 1599 2252 inepte

180 2272 311 2309 vocari
354 2275 485 2321 potest
515 2272 698 2310 Herculis
741 2273 879 2310 socius.
940 2273 1015 2310 Sed
1055 2283 1289 2322 quocunque
1320 2270 1434 2307 modo
1466 2283 1527 2307 res
1560 2284 1599 2307 se

180 2340 317 2386 habet,
362 2353 477 2391 quam
517 2353 620 2378 nunc
658 2340 705 2377 ad
745 2340 863 2378 finem
906 2341 1119 2390 perducere
1161 2339 1278 2375 huius
1310 2338 1385 2375 loci
1417 2351 1496 2374 non
1529 2342 1598 2384 est,

180 2406 350 2444 dubitari
382 2421 460 2445 non
492 2412 641 2458 potest,
685 2409 779 2459 quin
811 2409 958 2446 mentio
990 2406 1238 2445 Palaemonis
1285 2406 1335 2442 sit
1365 2405 1503 2442 Graeci
1537 2418 1598 2442 co-

180 2474 286 2520 loris,
319 2487 404 2512 cum
437 2476 537 2524 apud
560 2477 722 2513 Latinos
752 2478 899 2514 frustra
930 2488 1094 2527 quaeras
1123 2475 1265 2520 locum,
1299 2486 1374 2524 quo
1396 2473 1599 2510 familiari-

180 2544 239 2577 tas
269 2542 453 2580 Herculis
482 2547 520 2581 et
552 2544 715 2581 Portuni
749 2543 979 2582 declaretur.

293 2610 430 2646 Restat
458 2611 574 2648 huius
606 2611 762 2648 fabulae
792 2624 928 2649 versus
961 2612 1063 2656 761,
1095 2610 1162 2647 ubi
1194 2609 1283 2646 leno
1316 2622 1403 2646 cum
1435 2607 1599 2644 feminas

182 2675 375 2714 abducere
405 2690 485 2715 non
516 2678 659 2728 possit,
690 2678 783 2715 dicit
815 2691 855 2714 se
887 2678 1077 2716 adducere
1108 2677 1209 2717 velle
1241 2677 1477 2714 Volcanum:
