1857 3089
757 209 1035 250 -21—

450 310 489 347 Si
520 324 582 348 me
612 312 734 350 iratus
764 312 950 361 tetigerit,
981 312 1104 350 iratus
1132 313 1345 362 vapulabit.

189 381 297 417 Haec
339 380 421 417 sive
452 380 499 416 ad
539 380 698 418 Aiacem
729 380 811 418 sive
853 381 898 417 ad
929 379 1124 417 Achillem
1154 393 1225 428 per
1266 380 1427 417 Peleum
1457 384 1604 429 patrem

191 460 211 483 e
233 451 350 494 gente
372 447 490 484 Aeaci
514 454 651 494 ortum,
685 461 782 498 quos
804 446 1038 484 Aeacidinos
1059 449 1222 495 nepotes
1252 459 1335 485 esse
1359 448 1452 485 satis
1472 451 1607 486 notum

189 518 268 561 est,
313 518 488 563 spectare
532 518 707 564 possunt.
766 516 898 565 Atque
937 514 1009 550 hac
1040 514 1330 563 comparatione
1373 515 1473 551 nihil
1503 515 1607 552 aliud

190 582 283 619 dicit
303 586 420 631 poeta
449 583 524 620 nisi
545 584 705 620 haecce:
737 581 888 620 etiamsi
918 581 984 619 ille
1016 584 1075 619 est
1105 581 1206 619 sicut
1227 581 1400 620 Achilles
1432 585 1470 620 et
1499 583 1606 629 Aias,

188 649 426 688 fortissimus
457 651 582 694 heros.
615 653 744 688 tamen
775 649 988 699 vapulabit,
1021 649 1052 686 si
1084 662 1144 686 me
1175 662 1380 698 aggressus
1410 650 1497 688 erit.

302 796 348 832 In
380 795 686 833 Bacchidum
717 795 847 832 fabula
877 795 1003 844 primo
1038 796 1282 833 tractandum
1302 795 1460 835 videtur
1490 797 1610 835 canti-

191 876 289 909 cum,
322 876 398 913 quo
421 863 630 913 Chrysalus
661 876 797 900 servus
827 863 1107 910 gloriabundus
1137 863 1282 900 Iliacae
1312 863 1467 901 fabulae
1497 876 1611 912 argu-

192 933 322 968 menta
342 931 389 967 ad
412 943 499 967 suas
529 930 702 968 fallacias
725 930 998 968 describendas
1021 931 1240 981 detorquet.
1287 931 1375 969 Hoc
1396 931 1438 968 in
1460 931 1609 970 cantico

192 1001 268 1047 (vs.
311 998 550 1047 925—978)
593 998 883 1036 retractationis
922 998 1057 1036 insunt
1095 998 1281 1046 vestigia,
1327 1011 1427 1049 quae
1465 1000 1614 1048 primus

190 1065 340 1102 detexit
371 1065 631 1114 Kiesslingius
663 1065 838 1103 Analect.
870 1065 998 1103 Plaut.
1028 1065 1074 1111 L,
1121 1065 1183 1102 cui
1214 1066 1509 1104 Brachmannus
1550 1067 1611 1104 ‘de

192 1133 427 1171 Bacchidum
467 1134 672 1171 Plautinae
712 1134 988 1172 retractatione
1031 1131 1195 1171 scenica'
1236 1147 1299 1182 pg.
1335 1137 1412 1171 100
1445 1146 1526 1184 eqs.
1565 1134 1611 1171 de

193 1213 341 1238 summa
377 1200 434 1236 rei
465 1201 688 1238 adsentiens
728 1201 768 1237 in
801 1200 964 1249 singulis
995 1201 1140 1239 frustra
1169 1201 1374 1239 oblocutus
1405 1204 1476 1239 est.
1537 1201 1612 1239 Sed

192 1269 266 1305 hoc
296 1267 467 1304 alienum
498 1272 557 1306 est
576 1267 611 1317 l)
642 1269 688 1305 ab
721 1281 776 1315 ea,
810 1281 925 1319 quam
956 1268 1132 1315 instituo,
1165 1268 1451 1320 disquisitione.
1504 1268 1611 1307 Vati-

193 1335 345 1372 cinatur
375 1335 596 1385 Chrysalus,
629 1349 761 1373 senem
792 1349 885 1373 mox
915 1336 1120 1385 deceptum
1150 1336 1216 1383 iri,
1260 1336 1361 1374 sicut
1389 1336 1515 1374 tribus
1545 1348 1614 1373 ex-

191 1403 311 1451 pletis
350 1403 442 1440 fatis
483 1403 602 1440 Ilium
634 1408 745 1453 capta
776 1405 848 1443 sit:
894 1408 1011 1455 atque
1042 1405 1081 1441 id
1111 1404 1340 1442 vaticinium
1373 1407 1615 1454 quantopere

190 1470 412 1518 tragoediae
468 1471 631 1510 alicuius
683 1473 884 1521 parodiam
935 1473 1122 1521 spiraret,
1175 1472 1371 1509 neminem
1419 1472 1611 1520 interpre-

191 1542 271 1575 tum
313 1539 450 1586 fugere
489 1540 628 1588 potuit.
680 1540 933 1578 Crediderant
969 1540 1201 1578 Welckerus
1247 1538 1309 1588 (de
1350 1543 1447 1588 trag.
1484 1551 1609 1587 graec.

190 1619 227 1654 p.
265 1606 360 1655 523)
393 1611 431 1645 et
461 1607 692 1655 Ladewigus
722 1607 824 1658 (prg.
859 1611 963 1645 1848
997 1622 1060 1657 pg.
1107 1608 1184 1657 ll),
1227 1620 1325 1659 quos
1356 1611 1511 1645 secutus
1553 1610 1611 1644 est

193 1674 435 1712 Ribbeckius
476 1676 539 1719 (de
578 1678 675 1724 trag.
717 1676 830 1714 Rom.
863 1689 925 1725 pg.
971 1675 1053 1726 48),
1094 1676 1228 1714 ludere
1269 1675 1451 1713 Plautum
1491 1674 1610 1711 Ennii

285 1797 316 1838 1)
341 1802 419 1828 nota
442 1808 495 1837 pg.
526 1801 587 1829 112
614 1800 861 1829 Brachmannus
886 1800 1017 1829 Ulixem
1050 1799 1085 1828 in
1118 1803 1215 1838 raptu
1239 1798 1381 1828 Palladii
1416 1797 1457 1827 ab
1482 1798 1611 1828 Helena

193 1855 341 1892 agnitum
359 1865 428 1885 esse
454 1858 552 1893 negat
578 1859 609 1885 et
625 1856 864 1894 Kiesslingium
889 1855 945 1893 qui
969 1856 1053 1884 hanc
1079 1855 1237 1885 ‘fabulam
1263 1854 1385 1884 notam'
1411 1864 1481 1884 esse
1504 1854 1612 1884 brevi-

192 1915 242 1941 ter
265 1912 485 1950 significavit,
510 1913 660 1950 vellicat;
699 1922 763 1950 quo
799 1912 869 1942 iure
894 1913 927 1942 id
952 1913 1067 1942 fecerit
1091 1913 1324 1950 Kiesslingius,
1350 1912 1476 1942 discere
1501 1913 1612 1949 potest

194 1972 226 1998 et
251 1969 373 2005 debuit,
400 1970 426 1999 si
452 1970 532 1999 artis
556 1974 784 2007 monumenta,
819 1980 902 2008 quae
926 1970 981 1999 vel
1016 1978 1102 1999 nunc
1137 1969 1342 2007 grammatici
1366 1977 1612 2006 nonnumquam

192 2026 331 2064 turpiter
366 2026 540 2065 ignorant,
578 2027 740 2065 respicere
776 2027 867 2056 velit.
915 2027 999 2056 Nam
1025 2025 1103 2056 Otto
1129 2026 1235 2055 Iahnii
1270 2025 1449 2063 disputatio
1474 2024 1610 2065 (Philol.

192 2082 218 2111 Ι.
245 2083 287 2112 46
313 2082 375 2122 sq.)
399 2084 453 2112 vel
477 2083 638 2112 tironibus
663 2086 761 2113 nota:
797 2093 925 2121 semper
951 2083 1017 2112 fere
1042 2083 1076 2111 in
1101 2083 1310 2112 vasculorum
1333 2081 1491 2120 picturis,
1528 2090 1612 2119 quae

194 2139 337 2168 Palladii
362 2143 488 2178 raptum
514 2140 664 2176 reddant,
690 2140 781 2170 adest
805 2140 932 2170 Helena
956 2139 1045 2169 Ulixi
1072 2142 1103 2169 et
1126 2139 1291 2175 Diomedi,
1317 2139 1404 2169 unde
1428 2137 1612 2168 necessario

193 2196 362 2233 colligitur
386 2196 593 2226 Laertiadem
617 2197 658 2225 ab
692 2206 730 2226 ea
755 2206 825 2226 esse
860 2196 1019 2234 agnitum,
1066 2196 1181 2234 Neque
1204 2195 1313 2225 minus
1337 2205 1434 2234 saepe
1457 2195 1491 2224 in
1514 2194 1612 2224 Pom-

191 2252 318 2290 peianis
350 2252 472 2282 tabulis
495 2253 665 2290 parietinis
689 2253 817 2283 Helena
852 2253 999 2291 adparet.
1026 2252 1066 2282 cf.
1092 2251 1226 2290 Helbig.
1262 2252 1330 2281 tab.
1353 2253 1481 2290 Pomp.‚
1508 2250 1610 2281 Over-

191 2308 302 2337 beckii
319 2318 461 2339 monum.
489 2309 609 2339 heroic.
626 2309 749 2338 XXIV.
778 2311 827 2339 19.
877 2310 980 2338 Aliud
1004 2309 1103 2338 etiam
1127 2312 1242 2338 contra
1259 2309 1498 2346 Kiesslingium
1515 2317 1611 2345 argu-

191 2369 336 2394 mentum
360 2365 579 2395 Braehmanni
614 2367 658 2404 (p.
687 2364 765 2406 112)
790 2367 908 2396 falsum
943 2368 1023 2402 est,
1059 2375 1134 2394 nam
1158 2365 1230 2395 sine
1254 2365 1322 2394 ullo
1349 2363 1448 2394 dubio
1483 2364 1612 2394 detecto

191 2421 250 2450 illo
285 2422 393 2459 priore
428 2422 599 2451 mendacio
633 2425 665 2451 et
700 2422 784 2451 dolis
809 2421 989 2460 Chrysalus
1021 2431 1038 2451 e
1061 2421 1209 2459 periculo
1246 2429 1281 2450 se
1306 2421 1424 2451 extulit
1446 2424 1478 2450 et
1501 2430 1610 2450 senem

193 2477 330 2515 decepit.
358 2478 536 2517 Chrysalus
562 2479 648 2508 enim
671 2479 699 2509 is
725 2482 802 2515 erat,
829 2479 884 2517 qui
909 2479 1050 2508 iusserat
1066 2477 1306 2508 Mnesilochum
1328 2478 1420 2507 illam
1436 2478 1611 2516 epistolam

193 2543 387 2572 componere
422 2538 454 2564 et
477 2544 496 2563 a
521 2539 614 2572 patre
638 2536 815 2573 postulare,
850 2538 886 2564 ut
911 2538 943 2564 et
977 2544 1090 2564 servus
1113 2534 1293 2563 vinciretur
1318 2537 1350 2564 et
1382 2536 1497 2572 postea
1520 2534 1612 2562 nulla

192 2599 298 2628 poena
334 2590 464 2620 decreta
497 2591 725 2620 dimitteretur.
772 2592 887 2629 Itaque
925 2591 1105 2629 Chrysalus
1141 2590 1262 2628 quippe
1297 2589 1353 2627 qui
1385 2589 1465 2619 haee
1501 2590 1611 2619 omnia

192 2647 428 2683 exornavisset,
453 2657 487 2676 se
513 2647 629 2676 extulit
653 2647 738 2677 dolis
761 2648 907 2685 periculo
934 2652 965 2677 et
982 2646 1112 2685 decepit
1135 2655 1256 2683 senem,
1282 2655 1366 2683 cum,
1391 2647 1428 2676 ut
1450 2646 1479 2675 is
1503 2645 1613 2674 omnia

192 2713 251 2743 pro
276 2714 355 2734 vero
374 2708 506 2743 emeret,
531 2703 712 2742 perficeret.
