1857 3089
718 190 998 232 -61-

153 298 325 335 moediae
358 309 513 347 quoque
554 296 678 333 clarus
709 298 870 344 propter
900 298 1021 332 artem
1051 307 1176 340 suam,
1219 307 1333 345 quam
1365 294 1497 332 multis
1527 295 1569 332 in

151 366 312 403 urbibus
343 365 537 411 exercuit,
583 368 699 414 atque
737 366 804 400 aut
833 362 945 400 Valde
977 375 1062 399 erro
1095 368 1161 399 aut
1197 362 1238 398 in
1270 376 1356 399 eum
1396 365 1568 412 perbene

153 435 316 485 quadrat
343 434 451 471 locus
482 432 698 470 Plautinus.

266 502 374 543 Quae
414 502 540 538 adhuc
580 499 864 549 disputavimus
917 511 1042 548 paene
1088 499 1218 536 omnia
1260 500 1459 537 nonnullis
1502 515 1569 538 ex-

153 570 277 619 ceptis
307 569 509 619 pertinent
541 569 586 605 ad
620 566 825 604 historiam
849 566 1086 604 Graecorum
1118 580 1246 617 neque
1278 581 1407 605 rerum
1440 582 1462 606 a
1491 570 1569 607 Ro-

153 637 276 674 manis
318 641 514 684 gestarum
553 636 593 672 in
638 635 716 672 illis
759 634 969 672 comoediis
1012 634 1134 671 ullum
1173 635 1398 682 vestigium.
1470 639 1569 675 Nam

155 705 256 755 quod
288 705 333 742 de
366 704 508 742 Poenis
538 703 703 750 legimus
734 703 775 739 in
807 702 1027 740 Cistellaria
1057 703 1208 740 fabula:

421 775 466 809 ut
495 771 608 810 vobis
638 771 732 809 victi
756 771 878 808 Poeni
910 783 1056 820 poenas
1087 771 1297 819 sufferant3

152 840 190 876 id
223 839 322 877 nihil
353 840 401 877 ad
430 853 535 889 rem,
579 852 670 877 nam
700 853 760 876 me
791 839 920 876 iudice
952 838 1191 876 Ritschelius
1224 839 1289 888 (cf.
1323 842 1483 890 opuscul
1515 843 1569 881 Π.

153 920 216 956 pg.
249 907 345 957 739)
376 913 482 945 recte
516 907 801 946 demonstravit
830 908 932 944 hanc
964 910 1086 944 totam
1116 907 1287 944 fabulam
1319 909 1570 949 dilaceratam

155 979 271 1026 atque
303 975 505 1013 disiectam
537 989 631 1022 esse,
665 979 703 1012 et
733 975 841 1012 illam
873 988 1039 1020 scenam,
1071 975 1112 1011 in
1145 988 1221 1026 qua
1252 977 1327 1014 hoc
1358 978 1404 1015 de
1427 980 1570 1017 Poenis

154 1044 344 1092 scriptum
383 1048 461 1090 est,
505 1043 651 1081 indicia
680 1043 1000 1093 interpolationis
1032 1056 1124 1092 prae
1157 1057 1196 1081 se
1227 1045 1342 1082 ferre.
1404 1047 1570 1085 Restant

154 1112 227 1148 duo
258 1111 345 1158 loci,
379 1112 445 1162 qui
476 1112 522 1148 ad
547 1125 608 1149 res
640 1115 768 1159 gestas
790 1111 921 1148 Plauti
954 1124 1116 1150 coaevas
1140 1112 1350 1151 videantur
1380 1120 1569 1163 spectare.

155 1180 201 1215 In
232 1179 406 1216 Poenulo
439 1179 543 1216 enim
575 1178 626 1228 (v.
651 1179 747 1228 655)
781 1178 917 1215 dicunt
946 1179 1137 1226 advocati,
1169 1181 1419 1229 peregrinum
1450 1184 1570 1222 fuisse

154 1246 345 1283 latronem
375 1247 416 1283 in
448 1247 588 1296 Sparta
617 1247 720 1296 apud
751 1259 881 1293 regem
910 1246 1106 1285 Attalum:

558 1327 647 1351 nam
677 1314 743 1351 hic
772 1314 872 1351 latro
905 1314 945 1351 in
976 1314 1116 1364 Sparta
1147 1316 1232 1354 fuit.

354 1382 407 1419 Ut
437 1382 593 1433 quidem
622 1382 706 1431 ipse
738 1381 840 1418 dixit
869 1383 993 1428 nobis,
1026 1384 1129 1432 apud
1159 1397 1291 1432 regem
1322 1388 1519 1427 Attalum:

356 1451 451 1488 Inde
483 1451 559 1487 huc
590 1450 752 1497 aufugit,
787 1449 971 1500 quoniam
1002 1451 1155 1500 capitur
1188 1453 1385 1503 oppidum.

268 1518 366 1554 Eum
400 1518 573 1555 Attalum
616 1531 694 1555 non
725 1518 845 1555 fuisse
875 1532 1005 1566 regem
1036 1519 1335 1568 Spartanorum,
1379 1525 1445 1561 sed
1476 1527 1570 1563 Per-

155 1598 405 1633 gamenorum
448 1599 570 1635 prope
601 1586 779 1635 Spartam
821 1590 1012 1624 moratum
1050 1587 1127 1624 iam
1172 1590 1340 1627 Meierus
1381 1591 1404 1630 l.
1436 1593 1461 1631 1.
1503 1608 1570 1632 ex-

155 1654 295 1702 posuit.
368 1656 497 1705 Atque
530 1657 719 1705 quantum
761 1667 831 1703 ego
862 1655 996 1693 videre
1037 1669 1214 1704 possum,
1257 1660 1412 1697 Attalus
1452 1663 1572 1700 semel

152 1725 301 1759 tantum
346 1722 387 1758 in
419 1722 580 1760 Graecia
619 1723 811 1772 pugnavit
850 1728 949 1761 teste
990 1725 1156 1773 Polybio
1201 1728 1253 1774 (9,
1287 1730 1351 1774 30,
1386 1728 1426 1779 7)
1467 1743 1568 1769 anno

155 1793 234 1826 544
264 1803 297 1827 a.
330 1804 365 1827 u.
399 1804 427 1828 c.
487 1790 561 1828 Sed
605 1804 690 1828 cum
731 1791 919 1841 Polybius
963 1796 1095 1830 narret
1133 1793 1200 1830 illo
1232 1801 1406 1845 tempore
1437 1811 1568 1847 regem

155 1857 325 1895 Attalum
343 1859 439 1896 mari
458 1859 602 1896 bellum
626 1860 790 1907 gessisse
821 1873 906 1897 cum
925 1860 1086 1907 Nabide,
1117 1863 1192 1900 hoc
1223 1876 1300 1901 non
1333 1867 1498 1915 quadrat
1528 1869 1569 1906 in

154 1930 327 1964 nostrum
358 1927 497 1973 locum,
531 1941 606 1978 quo
625 1928 780 1965 Attalus
811 1942 880 1977 pro
895 1928 1096 1977 Spartanis
1117 1930 1158 1967 in
1188 1931 1274 1983 ipsa
1291 1934 1385 1971 urbe
1409 1940 1569 1984 pugnat,

152 2015 206 2020 —
236 1995 312 2033 fuit
346 1995 448 2032 enim
480 1996 578 2033 latro
613 1996 774 2044 Spartae
816 1997 919 2045 apud
956 1998 1150 2045 Attalum,
1192 2001 1295 2037 unde
1329 2003 1424 2039 urbe
1459 2010 1571 2054 capta

155 2063 306 2110 aufugit
334 2085 400 2100 —.
432 2064 535 2111 Ergo
576 2064 622 2100 de
653 2064 725 2101 hac
757 2065 879 2101 Attali
912 2079 1043 2114 pugna
1073 2070 1200 2104 actum
1231 2072 1300 2107 est.
1361 2071 1462 2109 Num
1496 2074 1570 2112 alio

156 2134 329 2179 tempore
360 2131 400 2168 in
434 2131 595 2169 Graecia
624 2132 690 2168 ille
721 2145 792 2179 rex
822 2145 928 2170 arma
959 2135 1105 2182 ceperit
1133 2149 1203 2184 pro
1235 2136 1452 2187 Spartanis,
1492 2155 1572 2179 non

156 2197 257 2244 scio,
296 2211 381 2235 cum
412 2199 511 2236 nihil
543 2200 589 2236 de
630 2200 702 2237 hac
746 2213 786 2237 re
828 2200 1006 2239 invenire
1047 2204 1204 2251 possim.
1264 2205 1403 2254 Sparta
1442 2209 1572 2248 Plauti

155 2270 281 2304 aetate
322 2267 382 2304 bis
427 2271 651 2316 expugnata
692 2272 750 2305 est
784 2271 860 2305 532
907 2270 953 2306 ab
986 2271 1205 2319 Antigono,
1248 2276 1325 2310 565
1360 2277 1406 2312 ab
1438 2278 1571 2316 Philo-

157 2347 366 2382 poemene,
408 2336 474 2372 sed
506 2336 537 2372 si
570 2336 724 2374 Attalus
755 2337 998 2375 interfuisset
1034 2339 1091 2375 illi
1123 2340 1244 2388 priori
1275 2346 1571 2394 expugnationi,

158 2401 196 2437 id
235 2405 339 2439 certe
381 2404 588 2442 memoriae
619 2405 814 2453 proditum
846 2411 947 2444 esset
960 2421 968 2452 ;
1009 2408 1131 2446 altera
1171 2415 1299 2448 autem
1331 2415 1570 2462 expugnatio

158 2467 260 2505 facta
298 2474 356 2508 est
387 2472 517 2510 Attalo
558 2476 732 2519 mortuo,
775 2478 891 2524 atque
924 2476 1078 2513 Attalus
1107 2477 1151 2514 II
1183 2490 1226 2515 eo
1268 2483 1443 2529 tempore
1476 2497 1571 2521 non—

160 2535 248 2572 dum
278 2549 349 2573 rex
379 2543 471 2584 erat,
502 2543 545 2577 ut
574 2540 757 2578 Plautino
789 2541 872 2580 loco
903 2545 1131 2591 postulatur.
1192 2548 1294 2595 Ergo
1325 2548 1365 2585 in
1399 2551 1572 2588 Attalum

159 2603 180 2639 I
211 2616 343 2641 omnes
374 2618 434 2643 res
465 2620 543 2644 non
575 2609 783 2658 quadrant,
816 2624 930 2661 quam
967 2614 1014 2649 ob
1046 2626 1126 2650 rem
1159 2628 1356 2653 recurrere
1388 2619 1572 2657 debemus

159 2671 206 2707 ad
246 2671 363 2709 alium
394 2674 593 2722 Attalum,
635 2688 750 2726 quem
781 2691 859 2715 non
890 2679 1001 2717 flocci
1032 2681 1160 2719 facere
1191 2696 1261 2721 nos
1291 2685 1349 2722 fas
1376 2690 1452 2732 est,
1486 2700 1571 2724 cum
