1857 3089
710 775 951 827 Vita.

234 925 456 962 Fridericus
496 925 731 963 Wilhelmus
779 926 948 963 Jacobus
992 924 1242 972 Ostermayer
1291 925 1404 959 natus
1455 935 1540 959 sum

122 1005 390 1052 Norinbergae
422 1004 462 1041 in
494 1005 591 1042 urbe
612 1005 800 1042 Bavariae
831 1018 862 1040 a.
887 1005 920 1041 d.
951 1004 1020 1040 IV.
1051 1002 1111 1039 Id.
1129 1002 1236 1050 Sept.
1268 1014 1301 1038 a.
1322 1001 1361 1038 h.
1383 1014 1411 1038 s.
1443 1000 1538 1037 LIX

122 1088 232 1133 patre
264 1083 498 1130 Wilhelmo,
541 1086 662 1120 matre
704 1083 921 1121 Katharina
960 1095 981 1119 e
1012 1084 1127 1130 gente
1170 1080 1341 1129 Hilpert.
1402 1079 1539 1116 Fidem

122 1163 308 1213 profiteor
350 1162 624 1211 evangelicam.
685 1162 921 1200 Litterarum
961 1160 1164 1198 elementis
1193 1160 1366 1197 imbutus
1396 1159 1539 1196 Norin-

122 1243 263 1290 bergae
296 1245 335 1279 et
365 1241 561 1279 Monachii
596 1246 634 1280 et
664 1241 821 1291 Lipsiae
851 1254 948 1290 puer
979 1241 1109 1278 decem
1141 1252 1331 1277 annorum
1362 1241 1541 1287 receptus

123 1335 206 1358 sum
246 1320 349 1358 inter
389 1320 599 1369 discipulos
641 1321 795 1358 scholae
839 1320 1081 1357 Krausianae
1123 1319 1366 1356 Dresdensis.
1440 1318 1539 1356 Vere

121 1399 213 1436 anni
263 1401 366 1436 1874
407 1399 682 1447 transmigravi
732 1400 773 1436 in
827 1399 1071 1448 gymnasium
1118 1398 1267 1446 regium
1310 1398 1540 1444 Dresdense,

123 1479 224 1530 quod
270 1482 351 1516 tum
391 1478 562 1527 Ilbergio
600 1482 750 1516 rectore
791 1479 969 1516 florebat.
1030 1478 1271 1516 Maturitatis
1314 1477 1538 1516 testimonio

121 1558 334 1596 instructus
372 1558 463 1594 inde
504 1571 526 1594 a
566 1570 658 1594 vere
697 1557 788 1594 anni
835 1557 937 1594 1879
981 1570 1105 1608 usque
1145 1558 1193 1594 ad
1244 1570 1387 1594 annum
1434 1559 1536 1594 1881

124 1637 332 1688 Gryphiae,
365 1638 411 1674 ab
444 1650 546 1674 anno
573 1638 673 1673 1881
709 1650 779 1686 per
808 1637 868 1674 bis
900 1651 969 1674 sex
999 1650 1150 1675 menses
1181 1636 1349 1686 Lipsiae,
1380 1640 1461 1674 tum
1492 1637 1540 1673 ab

121 1730 223 1755 anno
259 1719 364 1754 1882
396 1729 520 1767 usque
551 1717 597 1753 ad
629 1720 878 1754 auctumnum
910 1717 1002 1754 anni
1039 1720 1142 1754 1883
1176 1716 1316 1754 iterum
1339 1715 1538 1767 Gryphiae

119 1811 180 1834 me
214 1796 301 1834 dedi
334 1796 476 1834 studiis
497 1796 755 1844 philologieis.
788 1797 1016 1834 Docuerunt
1046 1808 1107 1833 me
1126 1810 1189 1834 vv.
1221 1795 1299 1834 ill.:
1329 1795 1539 1843 Kiessling,

120 1877 167 1914 de
204 1875 468 1914 Wilamowitz
501 1896 552 1901 -
586 1875 858 1921 Moellendorf‚
890 1875 1095 1921 SusemihL
1129 1876 1315 1921 Preuner,
1346 1875 1538 1923 Schuppe,

118 1956 385 2003 Luetjohann‚
428 1954 550 1991 Seeck
593 1954 1002 2003 Grypffiswafflenses,
1047 1954 1272 2004 Lipsienses
1321 1954 1537 2002 Overbeck,

118 2035 309 2080 Ribbeck,
342 2034 509 2083 Lipsius,
543 2035 589 2071 de
620 2034 791 2080 Norden,
824 2033 1040 2072 Schreiber.
1086 2034 1289 2072 Seminarii
1311 2034 1537 2083 philologici

119 2113 499 2164 Gryphiswaldensis
530 2127 599 2163 per
622 2114 696 2151 duo
719 2113 920 2151 semestria
942 2113 1083 2151 sodalis
1113 2113 1170 2150 fui
1194 2113 1537 2161 extraordinarius,

118 2206 187 2242 per
218 2194 292 2230 duo
325 2193 541 2231 ordinarius
582 2194 872 2231 moderantibus
904 2193 1141 2242 Kiesslingio
1184 2198 1223 2232 et
1264 2194 1310 2231 de
1351 2193 1537 2232 Wilamo-

117 2273 262 2311 witzio.
321 2273 529 2311 Praeterea
549 2272 705 2322 Lipsiae
735 2286 804 2322 per
825 2272 885 2311 bis
915 2286 985 2310 sex
1006 2286 1158 2311 menses
1186 2272 1242 2310 fui
1265 2273 1406 2310 sodalis
1437 2274 1537 2311 ordi-

118 2352 250 2389 narius
280 2352 477 2389 seminarii
509 2352 790 2400 archaeologici
823 2358 862 2390 et
892 2353 1088 2391 societatis
1115 2353 1384 2392 Ritchelianae
1416 2353 1537 2392 Over-

118 2431 257 2468 beckio
313 2436 351 2469 et
401 2432 619 2469 Ribbeckio
671 2432 974 2470 moderantibus.
1044 2433 1140 2470 Tum
1195 2433 1385 2471 interesse
1441 2433 1536 2469 mihi

118 2509 230 2547 licuit
269 2511 615 2550 exercitationibus
647 2512 894 2550 aristotelicis
935 2516 974 2550 et
1003 2513 1210 2562 platonicis
1242 2526 1263 2550 a
1292 2512 1538 2558 Susemihlio,

118 2589 290 2626 metricis
312 2589 575 2638 privatissime
598 2604 619 2627 a
641 2590 955 2638 Wilamowitzi0‚
986 2592 1263 2640 archaelogicis
1294 2604 1316 2629 a
1337 2592 1535 2629 Preunero

118 2671 157 2707 et
186 2667 414 2707 Schreibero
445 2669 648 2708 institutis.

1243 2740 1263 2774 5
