1857 3089
808 184 1088 225 ,36-

239 298 422 323 aerumna
452 285 611 322 minime
642 285 694 323 sit
723 298 854 334 pugna
885 300 969 324 cum
1000 286 1230 336 Hippolyta.
1292 289 1420 338 Atque
1452 300 1655 324 aerumnas

236 351 277 388 in
307 352 583 389 duodenarium
615 365 817 390 numerum
852 354 1084 402 compositas
1126 354 1267 401 fuisse,
1307 355 1514 403 Euripides
1544 354 1655 392 testis

238 424 315 465 est,
359 432 442 456 cum
487 419 601 456 etiam
643 420 823 458 denarius
866 434 1049 458 numerus
1090 423 1220 458 exstet
1258 425 1302 458 ut
1342 422 1383 458 in
1415 422 1654 459 ornamentis

236 486 371 534 templi
414 486 565 524 Thesei.
626 486 778 527 Quibus
820 501 905 525 oum
947 489 1064 525 rebus
1106 488 1135 524 si
1179 488 1449 536 ooniungimus
1491 489 1653 526 Diodori

235 554 301 602 (V,
348 554 527 603 10—26)
557 554 784 603 Apollodori
829 556 896 604 (Π,
942 555 980 605 5)
1013 555 1164 605 Hygini
1205 554 1293 605 (30)
1333 555 1655 600 enumerationes,

235 633 462 658 amazonum
492 622 651 669 reginae
682 635 813 670 pugna
843 622 907 661 vel
949 626 1127 660 octavum
1158 624 1222 660 vel
1253 636 1398 660 nonum
1430 623 1556 659 locum
1589 624 1655 659 ob-

235 688 344 726 tinet.
405 688 487 726 Tali
520 701 569 725 ex
602 690 892 738 comperatione
920 691 1135 728 evincimus
1168 691 1303 737 etiam,
1339 694 1484 728 certum
1507 702 1656 727 aerum-

234 768 369 792 narum
391 757 565 793 ordinem
588 760 742 794 exstare
764 758 864 806 apud
887 758 1034 794 nullum
1058 758 1298 806 scriptorem,
1322 757 1497 806 exceptis
1518 757 1656 794 duobis

235 822 372 871 primis
416 826 456 861 et
494 824 681 861 extremis
722 819 882 869 ἅθλοις,
930 825 1071 875 quibus
1111 826 1363 862 continentur
1399 837 1531 873 pugna
1570 837 1656 861 eum

234 890 368 937 leone,
416 904 501 928 cum
533 891 690 940 Hydra,
724 904 807 928 cum
841 892 1020 937 Cerbero,
1051 905 1189 940 pomae
1220 892 1538 940 Hesperidarum.
1601 893 1656 929 Ao

234 970 284 994 ne
313 959 387 995 hoc
419 958 573 1008 quidem
612 958 730 995 ullius
761 959 945 996 momenti
987 959 1031 995 ad
1065 959 1343 996 conficiendam
1375 961 1548 996 nostram
1580 958 1656 995 dis-

237 1025 488 1076 quisitionem
520 1030 589 1072 est,
622 1027 725 1077 quod
757 1039 806 1063 ex
827 1026 1110 1075 posterioribus
1140 1026 1381 1074 temporibus
1413 1026 1654 1064 enumeratio

238 1093 279 1129 in
313 1094 492 1141 Append,
524 1094 685 1131 Planud.
719 1094 828 1131 XVI.
863 1098 913 1130 92
946 1097 1094 1140 exstat,
1138 1095 1204 1131 ubi
1237 1094 1333 1131 miro
1366 1094 1531 1144 quodam
1565 1106 1656 1131 casu

239 1164 391 1199 sextum
431 1161 556 1198 locum
597 1163 818 1199 Amazones
859 1162 1049 1200 obtinent.
1110 1161 1239 1202 Quid?
1283 1162 1385 1212 quod
1428 1161 1545 1198 etiam
1589 1161 1657 1198 illa

237 1241 421 1266 aerumna
450 1229 490 1265 in
535 1229 701 1277 metopis
732 1229 868 1277 templi
910 1229 1016 1267 Iovis
1049 1229 1241 1278 Olympici
1273 1232 1385 1266 sexto
1416 1229 1500 1265 loco
1532 1230 1658 1265 nomi-

236 1300 327 1334 nata
357 1295 457 1332 nihil
486 1295 611 1342 valet,
643 1308 729 1333 cum
761 1297 973 1333 Pausanias
1003 1296 1153 1334 verbis:
1195 1293 1272 1332 ἔστι
1312 1293 1351 1333 δὲ
1396 1294 1436 1333 ἐν
1474 1296 1657 1349 Ολυμπίᾳ

238 1360 303 1400 καὶ
332 1356 567 1412 Ἡρακλέους
597 1358 644 1399 τά
677 1358 798 1400 πολλοὶ
827 1363 906 1400 τῶν
938 1361 1081 1413 ἔργων,
1113 1363 1361 1409 testificetur,
1393 1363 1479 1401 illas
1507 1376 1657 1401 aerum-

238 1443 307 1467 nas
345 1443 423 1467 non
464 1421 569 1466 ἆθλα
610 1444 709 1482 quae
752 1431 932 1468 dicuntur
963 1443 1058 1468 esse.
1121 1431 1228 1472 Quae
1261 1444 1345 1468 cum
1376 1431 1432 1467 ita
1461 1431 1558 1477 sint,
1590 1431 1658 1468 ali-

239 1498 326 1549 quis
356 1510 499 1545 negare
530 1501 670 1547 potest,
703 1502 852 1535 sextam
884 1510 1106 1534 aerumnam
1140 1510 1222 1534 esse
1253 1510 1422 1546 pugnam
1448 1511 1533 1535 cum
1558 1499 1657 1547 Hip-

238 1566 375 1614 polyta
404 1566 558 1611 factam,
592 1578 825 1616 quamquam
859 1579 936 1602 non
967 1578 1107 1613 magna
1137 1578 1221 1602 cum
1255 1566 1384 1614 specie
1405 1566 1501 1603 veri.
1553 1567 1656 1614 Ergo

240 1637 385 1671 eertum
419 1633 465 1669 ad
498 1633 613 1669 finem
647 1633 854 1681 pervenire
886 1646 964 1669 non
996 1646 1211 1681 possumus,
1245 1646 1330 1670 cum
1362 1633 1543 1671 Plautino
1574 1634 1658 1671 loco

241 1713 464 1738 aerumnam
506 1704 545 1737 et
584 1713 667 1738 esse
698 1713 867 1748 pugnam
900 1700 1142 1750 Hippolytae
1175 1705 1213 1737 et
1243 1701 1400 1737 minime
1432 1714 1515 1738 esse
1546 1713 1659 1749 posse

241 1772 425 1814 statuere,
456 1781 533 1804 non
557 1769 765 1804 abhorreat
786 1781 807 1804 a
828 1768 1006 1805 veritatis
1029 1768 1170 1816 specie.
1211 1767 1471 1808 Quamobrem
1495 1773 1554 1805 sat
1575 1780 1658 1805 esse

241 1836 356 1873 debet
386 1835 650 1883 pronuntiare,
684 1835 789 1872 illam
814 1848 1037 1873 aerumnam
1060 1840 1163 1873 certe
1190 1849 1240 1872 ex
1261 1836 1406 1873 Graeco
1428 1837 1536 1874 fonte
1559 1849 1660 1873 sum-

239 1907 345 1951 ptam
377 1915 479 1949 esse,
524 1903 590 1939 ubi
631 1903 796 1940 fortasse
836 1903 904 1941 illo
947 1900 1082 1940 ‘sexta'
1121 1904 1310 1941 vocabulo
1358 1905 1508 1941 adiecto
1553 1905 1660 1941 iocus

242 1970 494 2016 efficiebatur,
528 1983 641 2021 quem
674 1983 745 2007 nos
776 1971 997 2020 perspicere
1028 1984 1106 2008 non
1138 1984 1353 2019 possumus.

356 2105 404 2141 In
428 2104 750 2146 Mercatoris.
769 2118 806 2143 v.
830 2109 909 2142 469
943 2106 1136 2144 Charinus
1168 2106 1408 2153 adulescens,
1442 2120 1481 2143 se
1513 2107 1663 2144 nullum

244 2172 321 2209 iam
355 2185 452 2220 esse,
492 2172 704 2209 adfirmans
736 2173 849 2219 dicit,
883 2187 923 2210 se
953 2174 1071 2221 longe
1102 2174 1235 2223 peiore
1266 2175 1427 2212 fortuna
1456 2174 1513 2211 uti
1547 2187 1662 2225 quam

244 2241 478 2286 Pentheum,
514 2252 627 2289 quem
660 2240 837 2277 Bacchae
869 2241 1169 2291 discerpserint:

360 2308 580 2344 Pentheum
612 2308 820 2357 diripuisse
853 2309 966 2346 aiunt
996 2309 1180 2355 Bacchas,
1212 2322 1335 2356 nugas
1367 2319 1566 2346 maxumas

364 2375 501 2412 Fuisse
533 2375 659 2422 credo,
689 2388 783 2425 prae
816 2390 891 2427 quo
923 2382 1036 2426 pacto
1071 2390 1141 2424 ego
1174 2377 1354 2415 divorsus
1385 2377 1594 2415 distrahor.

361 2444 438 2480 Cur
468 2456 538 2490 ego
569 2443 673 2490 vivo,
707 2456 775 2481 cur
806 2458 885 2481 non
916 2445 1073 2490 morior,
1107 2444 1199 2495 quid
1232 2444 1325 2481 mist
1354 2444 1395 2480 in
1428 2445 1511 2483 vita
1541 2445 1662 2482 boni?

251 2510 482 2561 quibuscum
498 2512 676 2549 versibus
694 2511 888 2558 coniungo
905 2512 1035 2549 locum
1061 2525 1109 2549 ex
1131 2511 1336 2549 Vidularia
1352 2513 1455 2560 apud
1473 2512 1662 2550 Priscian.

250 2592 313 2628 pg.
339 2580 439 2614 738:
472 2578 646 2615 eiusdem
667 2579 845 2615 Bacchae
866 2579 1046 2615 fecerunt
1067 2582 1241 2616 nostram
1263 2591 1402 2617 navem
1425 2581 1665 2618 Pentheum:

251 2645 316 2683 ubi
347 2658 432 2682 cum
457 2645 622 2682 Bacchis
645 2650 936 2694 componuntur
966 2645 1029 2683 vel
1050 2646 1191 2684 fluctus
1223 2646 1286 2685 vel
1308 2650 1530 2696 tempestas.
1590 2647 1666 2685 Sed
