<?xml version="1.0" encoding="UTF-8"?>
<!DOCTYPE html PUBLIC "-//W3C//DTD XHTML 1.0 Transitional//EN"
    "http://www.w3.org/TR/xhtml1/DTD/xhtml1-transitional.dtd">
<html xmlns="http://www.w3.org/1999/xhtml" xml:lang="en" lang="en">
 <head>
  <title>
</title>
<meta http-equiv="Content-Type" content="text/html;charset=utf-8" />
  <meta name='ocr-system' content='tesseract 3.04.00' />
  <meta name='ocr-capabilities' content='ocr_page ocr_carea ocr_par ocr_line ocrx_word'/>
</head>
<body>
  <div class='ocr_page' id='page_1' title='image "./dehistoriafabula00osteuoft_0023.png"; bbox 0 0 1857 3089; ppageno 0'>
   <div class='ocr_carea' id='block_1_1' title="bbox 734 214 1015 255">
    <p class='ocr_par' dir='ltr' id='par_1_1' title="bbox 734 214 1015 255">
     <span class='ocr_line' id='line_1_1' title="bbox 734 214 1015 255; baseline 0 -13"><span class='ocrx_word' id='word_1_1' title='bbox 734 214 1015 255; x_wconf 76' lang='grc'>..15-</span> 
     </span>
    </p>
   </div>
   <div class='ocr_carea' id='block_1_2' title="bbox 158 314 1589 2523">
    <p class='ocr_par' dir='ltr' id='par_1_2' title="bbox 161 314 1589 970">
     <span class='ocr_line' id='line_1_2' title="bbox 165 314 1586 366; baseline -0.003 -12"><span class='ocrx_word' id='word_1_2' title='bbox 165 320 212 355; x_wconf 90' lang='grc' dir='ltr'>Α.</span> <span class='ocrx_word' id='word_1_3' title='bbox 237 317 407 366; x_wconf 86' lang='lat' dir='ltr'>Spengel</span> <span class='ocrx_word' id='word_1_4' title='bbox 438 316 497 366; x_wconf 89' lang='grc' dir='ltr'>(Τ.</span> <span class='ocrx_word' id='word_1_5' title='bbox 528 317 581 354; x_wconf 91' lang='grc' dir='ltr'>Μ.</span> <span class='ocrx_word' id='word_1_6' title='bbox 613 316 787 363; x_wconf 87' lang='lat' dir='ltr'>Plautus,</span> <span class='ocrx_word' id='word_1_7' title='bbox 819 315 964 361; x_wconf 82' lang='lat' dir='ltr'>Kritik,</span> <span class='ocrx_word' id='word_1_8' title='bbox 996 315 1195 360; x_wconf 87' lang='lat' dir='ltr'>Prosodie,</span> <span class='ocrx_word' id='word_1_9' title='bbox 1227 314 1374 351; x_wconf 88' lang='lat' dir='ltr'>Metrik</span> <span class='ocrx_word' id='word_1_10' title='bbox 1405 327 1468 362; x_wconf 88' lang='lat' dir='ltr'>pg.</span> <span class='ocrx_word' id='word_1_11' title='bbox 1506 314 1586 362; x_wconf 81' lang='lat'>12.)</span> 
     </span>
     <span class='ocr_line' id='line_1_3' title="bbox 164 382 1586 430; baseline -0.003 -8"><span class='ocrx_word' id='word_1_12' title='bbox 164 387 308 422; x_wconf 90' lang='lat' dir='ltr'>Nestor</span> <span class='ocrx_word' id='word_1_13' title='bbox 345 385 477 421; x_wconf 89' lang='lat' dir='ltr'>finden</span> <span class='ocrx_word' id='word_1_14' title='bbox 516 385 688 430; x_wconf 74' lang='lat' dir='ltr'>mochte‚</span> <span class='ocrx_word' id='word_1_15' title='bbox 730 397 846 423; x_wconf 87' lang='lat' dir='ltr'>wenn</span> <span class='ocrx_word' id='word_1_16' title='bbox 884 396 957 420; x_wconf 90' lang='lat' dir='ltr'>nur</span> <span class='ocrx_word' id='word_1_17' title='bbox 989 382 1265 418; x_wconf 89' lang='lat' dir='ltr'>Menaechmus</span> <span class='ocrx_word' id='word_1_18' title='bbox 1295 383 1438 420; x_wconf 88' lang='lat' dir='ltr'>vorher</span> <span class='ocrx_word' id='word_1_19' title='bbox 1470 383 1586 430; x_wconf 84' lang='lat'>(933)</span> 
     </span>
     <span class='ocr_line' id='line_1_4' title="bbox 164 450 1588 500; baseline -0.003 -11"><span class='ocrx_word' id='word_1_20' title='bbox 164 458 283 491; x_wconf 83' lang='lat' dir='ltr'><strong>etwas</strong></span> <span class='ocrx_word' id='word_1_21' title='bbox 324 452 398 490; x_wconf 86' lang='lat' dir='ltr'>wie</span> <span class='ocrx_word' id='word_1_22' title='bbox 430 453 573 490; x_wconf 88' lang='lat' dir='ltr'>Nestor</span> <span class='ocrx_word' id='word_1_23' title='bbox 618 452 858 500; x_wconf 86' lang='lat' dir='ltr'>gesprochen</span> <span class='ocrx_word' id='word_1_24' title='bbox 905 451 1014 486; x_wconf 67' lang='lat' dir='ltr'>hatte</span> <span class='ocrx_word' id='word_1_25' title='bbox 1060 450 1153 486; x_wconf 87' lang='lat' dir='ltr'>oder</span> <span class='ocrx_word' id='word_1_26' title='bbox 1182 450 1326 486; x_wconf 86' lang='lat' dir='ltr'>Nestor</span> <span class='ocrx_word' id='word_1_27' title='bbox 1366 450 1588 497; x_wconf 77' lang='lat' dir='ltr'>iiberhaupt</span> 
     </span>
     <span class='ocr_line' id='line_1_5' title="bbox 163 517 1589 567; baseline -0.002 -11"><span class='ocrx_word' id='word_1_28' title='bbox 163 519 218 556; x_wconf 87' lang='lat' dir='ltr'>als</span> <span class='ocrx_word' id='word_1_29' title='bbox 242 519 461 567; x_wconf 87' lang='lat' dir='ltr'>Gegensatz</span> <span class='ocrx_word' id='word_1_30' title='bbox 493 533 541 556; x_wconf 81' lang='lat' dir='ltr'>zu</span> <span class='ocrx_word' id='word_1_31' title='bbox 570 520 695 556; x_wconf 91' lang='lat' dir='ltr'>einem</span> <span class='ocrx_word' id='word_1_32' title='bbox 717 518 964 555; x_wconf 80' lang='lat' dir='ltr'>Verriickten</span> <span class='ocrx_word' id='word_1_33' title='bbox 996 517 1173 553; x_wconf 87' lang='lat' dir='ltr'>denkbar</span> <span class='ocrx_word' id='word_1_34' title='bbox 1203 520 1318 555; x_wconf 71' lang='lat' dir='ltr'>ware.</span> <span class='ocrx_word' id='word_1_35' title='bbox 1379 517 1453 553; x_wconf 85' lang='lat' dir='ltr'>Sed</span> <span class='ocrx_word' id='word_1_36' title='bbox 1485 521 1589 554; x_wconf 89' lang='lat' dir='ltr'>errat</span> 
     </span>
     <span class='ocr_line' id='line_1_6' title="bbox 162 584 1587 633; baseline -0.001 -11"><span class='ocrx_word' id='word_1_37' title='bbox 162 586 337 633; x_wconf 87' lang='lat' dir='ltr'>Brixius,</span> <span class='ocrx_word' id='word_1_38' title='bbox 383 600 470 623; x_wconf 86' lang='lat' dir='ltr'>nam</span> <span class='ocrx_word' id='word_1_39' title='bbox 517 586 671 623; x_wconf 90' lang='lat' dir='ltr'>silentio</span> <span class='ocrx_word' id='word_1_40' title='bbox 713 584 934 633; x_wconf 89' lang='lat' dir='ltr'>praeteriit,</span> <span class='ocrx_word' id='word_1_41' title='bbox 978 585 1051 621; x_wconf 90' lang='lat' dir='ltr'>hoc</span> <span class='ocrx_word' id='word_1_42' title='bbox 1094 584 1178 621; x_wconf 90' lang='lat' dir='ltr'>loco</span> <span class='ocrx_word' id='word_1_43' title='bbox 1211 584 1389 621; x_wconf 80' lang='lat' dir='ltr'><strong>Nestoris</strong></span> <span class='ocrx_word' id='word_1_44' title='bbox 1430 584 1587 621; x_wconf 88' lang='lat' dir='ltr'>nomine</span> 
     </span>
     <span class='ocr_line' id='line_1_7' title="bbox 161 651 1586 703; baseline -0.002 -12"><span class='ocrx_word' id='word_1_45' title='bbox 161 655 440 703; x_wconf 82' lang='lat' dir='ltr'>metonymiam</span> <span class='ocrx_word' id='word_1_46' title='bbox 480 652 689 700; x_wconf 85' lang='lat' dir='ltr'>significari</span> <span class='ocrx_word' id='word_1_47' title='bbox 721 665 791 700; x_wconf 93' lang='lat' dir='ltr'>pro</span> <span class='ocrx_word' id='word_1_48' title='bbox 824 651 1034 700; x_wconf 86' lang='lat' dir='ltr'>sapientia;</span> <span class='ocrx_word' id='word_1_49' title='bbox 1076 657 1193 701; x_wconf 85' lang='lat' dir='ltr'>atque</span> <span class='ocrx_word' id='word_1_50' title='bbox 1234 652 1369 688; x_wconf 89' lang='lat' dir='ltr'>eodem</span> <span class='ocrx_word' id='word_1_51' title='bbox 1400 653 1514 688; x_wconf 90' lang='lat' dir='ltr'>modo</span> <span class='ocrx_word' id='word_1_52' title='bbox 1546 653 1586 688; x_wconf 90' lang='lat' dir='ltr'>in</span> 
     </span>
     <span class='ocr_line' id='line_1_8' title="bbox 162 718 1588 758; baseline -0.001 -1"><span class='ocrx_word' id='word_1_53' title='bbox 162 725 277 758; x_wconf 83' lang='lat' dir='ltr'>antea</span> <span class='ocrx_word' id='word_1_54' title='bbox 317 721 471 757; x_wconf 87' lang='lat' dir='ltr'>laudato</span> <span class='ocrx_word' id='word_1_55' title='bbox 502 733 618 757; x_wconf 84' lang='lat' dir='ltr'>versu</span> <span class='ocrx_word' id='word_1_56' title='bbox 658 719 757 756; x_wconf 85' lang='lat' dir='ltr'>nihil</span> <span class='ocrx_word' id='word_1_57' title='bbox 788 721 834 756; x_wconf 90' lang='lat' dir='ltr'>de</span> <span class='ocrx_word' id='word_1_58' title='bbox 866 719 982 755; x_wconf 82' lang='lat' dir='ltr'>Ulixe</span> <span class='ocrx_word' id='word_1_59' title='bbox 1022 719 1225 757; x_wconf 77' lang='lat' dir='ltr'>invenitur</span> <span class='ocrx_word' id='word_1_60' title='bbox 1254 718 1327 755; x_wconf 90' lang='lat' dir='ltr'>nisi</span> <span class='ocrx_word' id='word_1_61' title='bbox 1360 719 1488 756; x_wconf 81' lang='lat' dir='ltr'>Ulixis</span> <span class='ocrx_word' id='word_1_62' title='bbox 1520 733 1588 756; x_wconf 90' lang='lat' dir='ltr'>no-</span> 
     </span>
     <span class='ocr_line' id='line_1_9' title="bbox 163 786 1585 836; baseline -0.001 -12"><span class='ocrx_word' id='word_1_63' title='bbox 163 789 266 825; x_wconf 89' lang='lat' dir='ltr'>mine</span> <span class='ocrx_word' id='word_1_64' title='bbox 309 787 501 824; x_wconf 79' lang='lat' dir='ltr'>contineri</span> <span class='ocrx_word' id='word_1_65' title='bbox 550 787 827 836; x_wconf 77' lang='lat' dir='ltr'>metonymiam</span> <span class='ocrx_word' id='word_1_66' title='bbox 870 787 978 823; x_wconf 88' lang='lat' dir='ltr'>socii.</span> <span class='ocrx_word' id='word_1_67' title='bbox 1039 786 1137 822; x_wconf 86' lang='lat' dir='ltr'>Tum</span> <span class='ocrx_word' id='word_1_68' title='bbox 1180 790 1309 822; x_wconf 89' lang='lat' dir='ltr'>autem</span> <span class='ocrx_word' id='word_1_69' title='bbox 1342 799 1410 823; x_wconf 89' lang='lat' dir='ltr'>cur</span> <span class='ocrx_word' id='word_1_70' title='bbox 1440 788 1585 835; x_wconf 89' lang='lat' dir='ltr'>opponi</span> 
     </span>
     <span class='ocr_line' id='line_1_10' title="bbox 161 853 1584 903; baseline -0.001 -12"><span class='ocrx_word' id='word_1_71' title='bbox 161 868 239 891; x_wconf 90' lang='lat' dir='ltr'>non</span> <span class='ocrx_word' id='word_1_72' title='bbox 261 855 385 903; x_wconf 79' lang='lat' dir='ltr'>possit</span> <span class='ocrx_word' id='word_1_73' title='bbox 406 854 467 891; x_wconf 86' lang='lat' dir='ltr'>vir</span> <span class='ocrx_word' id='word_1_74' title='bbox 488 854 644 902; x_wconf 88' lang='lat' dir='ltr'>sapiens</span> <span class='ocrx_word' id='word_1_75' title='bbox 664 854 802 891; x_wconf 88' lang='lat' dir='ltr'>insano</span> <span class='ocrx_word' id='word_1_76' title='bbox 824 853 1054 900; x_wconf 82' lang='lat' dir='ltr'>intellegere</span> <span class='ocrx_word' id='word_1_77' title='bbox 1076 866 1154 889; x_wconf 90' lang='lat' dir='ltr'>non</span> <span class='ocrx_word' id='word_1_78' title='bbox 1177 866 1346 900; x_wconf 91' lang='lat' dir='ltr'>possum.</span> <span class='ocrx_word' id='word_1_79' title='bbox 1378 854 1584 890; x_wconf 83' lang='lat' dir='ltr'>Nestorem</span> 
     </span>
     <span class='ocr_line' id='line_1_11' title="bbox 161 920 1586 970; baseline 0.001 -12"><span class='ocrx_word' id='word_1_80' title='bbox 161 922 333 958; x_wconf 90' lang='lat' dir='ltr'>Homero</span> <span class='ocrx_word' id='word_1_81' title='bbox 366 926 499 958; x_wconf 89' lang='lat' dir='ltr'>notum</span> <span class='ocrx_word' id='word_1_82' title='bbox 532 925 694 970; x_wconf 88' lang='lat' dir='ltr'>propter</span> <span class='ocrx_word' id='word_1_83' title='bbox 725 921 956 969; x_wconf 83' lang='lat' dir='ltr'>sapientiam</span> <span class='ocrx_word' id='word_1_84' title='bbox 988 920 1167 957; x_wconf 83' lang='lat' dir='ltr'>invenias</span> <span class='ocrx_word' id='word_1_85' title='bbox 1198 921 1239 956; x_wconf 91' lang='lat' dir='ltr'>in</span> <span class='ocrx_word' id='word_1_86' title='bbox 1271 921 1382 958; x_wconf 84' lang='lat' dir='ltr'>Iliad.</span> <span class='ocrx_word' id='word_1_87' title='bbox 1416 921 1458 956; x_wconf 89' lang='grc' dir='ltr'>Β.</span> <span class='ocrx_word' id='word_1_88' title='bbox 1484 921 1586 959; x_wconf 82' lang='lat'>370:</span> 
     </span>
    </p>

    <p class='ocr_par' dir='ltr' id='par_1_3' title="bbox 339 982 1416 1037">
     <span class='ocr_line' id='line_1_12' title="bbox 339 982 1416 1037; baseline 0 -13"><span class='ocrx_word' id='word_1_89' title='bbox 339 985 415 1026; x_wconf 79' lang='grc' dir='ltr'>Τόν</span> <span class='ocrx_word' id='word_1_90' title='bbox 448 984 765 1035; x_wconf 77' lang='grc' dir='ltr'><em>ἀπαμειβόμενος</em></span> <span class='ocrx_word' id='word_1_91' title='bbox 797 986 973 1037; x_wconf 80' lang='grc' dir='ltr'><strong><em>προςέφη</em></strong></span> <span class='ocrx_word' id='word_1_92' title='bbox 1005 985 1146 1035; x_wconf 81' lang='grc' dir='ltr'><strong>κρέιων</strong></span> <span class='ocrx_word' id='word_1_93' title='bbox 1175 982 1416 1036; x_wconf 82' lang='grc' dir='ltr'><strong>Ἀγαμένων·</strong></span> 
     </span>
    </p>

    <p class='ocr_par' dir='ltr' id='par_1_4' title="bbox 161 1048 1586 1240">
     <span class='ocr_line' id='line_1_13' title="bbox 331 1048 1382 1108; baseline -0.001 -16"><span class='ocrx_word' id='word_1_94' title='bbox 331 1048 355 1104; x_wconf 69' lang='grc' dir='ltr'><em>ἦ</em></span> <span class='ocrx_word' id='word_1_95' title='bbox 386 1052 462 1104; x_wconf 72' lang='grc' dir='ltr'>μὰν</span> <span class='ocrx_word' id='word_1_96' title='bbox 493 1049 576 1092; x_wconf 77' lang='grc' dir='ltr'><strong>αὖτ’</strong></span> <span class='ocrx_word' id='word_1_97' title='bbox 608 1051 731 1108; x_wconf 67' lang='grc' dir='ltr'>ἀγορῇ</span> <span class='ocrx_word' id='word_1_98' title='bbox 763 1057 886 1108; x_wconf 78' lang='grc' dir='ltr'><strong>νικᾷς,</strong></span> <span class='ocrx_word' id='word_1_99' title='bbox 919 1053 1043 1105; x_wconf 79' lang='grc' dir='ltr'><strong>γέρον,</strong></span> <span class='ocrx_word' id='word_1_100' title='bbox 1076 1049 1164 1098; x_wconf 82' lang='grc' dir='ltr'><em>υἷας</em></span> <span class='ocrx_word' id='word_1_101' title='bbox 1194 1055 1382 1103; x_wconf 80' lang='grc' dir='ltr'><em>Ἁχαίους.</em></span> 
     </span>
     <span class='ocr_line' id='line_1_14' title="bbox 161 1120 1586 1176; baseline -0.001 -15"><span class='ocrx_word' id='word_1_102' title='bbox 161 1126 207 1161; x_wconf 84' lang='lat' dir='ltr'>ad</span> <span class='ocrx_word' id='word_1_103' title='bbox 249 1138 363 1174; x_wconf 82' lang='lat' dir='ltr'>quem</span> <span class='ocrx_word' id='word_1_104' title='bbox 396 1124 521 1161; x_wconf 89' lang='lat' dir='ltr'>locum</span> <span class='ocrx_word' id='word_1_105' title='bbox 553 1124 649 1160; x_wconf 90' lang='lat' dir='ltr'>illud</span> <span class='ocrx_word' id='word_1_106' title='bbox 680 1123 906 1160; x_wconf 89' lang='lat' dir='ltr'>Plautinum</span> <span class='ocrx_word' id='word_1_107' title='bbox 937 1124 1036 1159; x_wconf 89' lang='lat' dir='ltr'>bene</span> <span class='ocrx_word' id='word_1_108' title='bbox 1068 1124 1256 1172; x_wconf 82' lang='lat' dir='ltr'>quadrat,</span> <span class='ocrx_word' id='word_1_109' title='bbox 1293 1136 1380 1159; x_wconf 89' lang='lat' dir='ltr'>nam</span> <span class='ocrx_word' id='word_1_110' title='bbox 1415 1120 1586 1176; x_wconf 73' lang='grc' dir='ltr'>ἐνάγορᾷ</span> 
     </span>
     <span class='ocr_line' id='line_1_15' title="bbox 163 1190 1222 1240; baseline -0.003 -11"><span class='ocrx_word' id='word_1_111' title='bbox 163 1206 258 1240; x_wconf 87' lang='lat' dir='ltr'>opus</span> <span class='ocrx_word' id='word_1_112' title='bbox 291 1198 374 1228; x_wconf 84' lang='lat' dir='ltr'>erat</span> <span class='ocrx_word' id='word_1_113' title='bbox 404 1197 443 1228; x_wconf 86' lang='lat' dir='ltr'>et</span> <span class='ocrx_word' id='word_1_114' title='bbox 473 1191 606 1227; x_wconf 83' lang='lat' dir='ltr'>multis</span> <span class='ocrx_word' id='word_1_115' title='bbox 637 1190 768 1226; x_wconf 86' lang='lat' dir='ltr'>verbis</span> <span class='ocrx_word' id='word_1_116' title='bbox 799 1195 838 1226; x_wconf 91' lang='lat' dir='ltr'>et</span> <span class='ocrx_word' id='word_1_117' title='bbox 868 1190 1066 1237; x_wconf 86' lang='lat' dir='ltr'>sapienter</span> <span class='ocrx_word' id='word_1_118' title='bbox 1097 1190 1222 1226; x_wconf 84' lang='lat' dir='ltr'>dictis.</span> 
     </span>
    </p>

    <p class='ocr_par' dir='ltr' id='par_1_5' title="bbox 158 1257 1588 2523">
     <span class='ocr_line' id='line_1_16' title="bbox 272 1257 1586 1309; baseline 0.002 -14"><span class='ocrx_word' id='word_1_119' title='bbox 272 1258 485 1307; x_wconf 87' lang='lat' dir='ltr'>Perpaucis</span> <span class='ocrx_word' id='word_1_120' title='bbox 515 1257 720 1294; x_wconf 84' lang='lat' dir='ltr'>absolvere</span> <span class='ocrx_word' id='word_1_121' title='bbox 752 1257 843 1293; x_wconf 89' lang='lat' dir='ltr'>licet</span> <span class='ocrx_word' id='word_1_122' title='bbox 874 1257 1331 1304; x_wconf 82' lang='lat' dir='ltr'>Amphitruonem,</span> <span class='ocrx_word' id='word_1_123' title='bbox 1373 1272 1472 1309; x_wconf 83' lang='lat' dir='ltr'>quae</span> <span class='ocrx_word' id='word_1_124' title='bbox 1504 1264 1586 1297; x_wconf 86' lang='lat' dir='ltr'>tota</span> 
     </span>
     <span class='ocr_line' id='line_1_17' title="bbox 160 1324 1585 1375; baseline 0.002 -13"><span class='ocrx_word' id='word_1_125' title='bbox 160 1338 347 1374; x_wconf 80' lang='lat' dir='ltr'>expressa</span> <span class='ocrx_word' id='word_1_126' title='bbox 388 1329 446 1363; x_wconf 89' lang='lat' dir='ltr'>est</span> <span class='ocrx_word' id='word_1_127' title='bbox 486 1338 536 1361; x_wconf 86' lang='lat' dir='ltr'>ex</span> <span class='ocrx_word' id='word_1_128' title='bbox 566 1324 713 1361; x_wconf 84' lang='lat' dir='ltr'>Graeco</span> <span class='ocrx_word' id='word_1_129' title='bbox 744 1325 865 1361; x_wconf 92' lang='lat' dir='ltr'>fonte.</span> <span class='ocrx_word' id='word_1_130' title='bbox 927 1325 1025 1360; x_wconf 89' lang='lat' dir='ltr'>Nam</span> <span class='ocrx_word' id='word_1_131' title='bbox 1056 1324 1163 1362; x_wconf 90' lang='lat' dir='ltr'>illius</span> <span class='ocrx_word' id='word_1_132' title='bbox 1193 1325 1348 1362; x_wconf 86' lang='lat' dir='ltr'>fabulae</span> <span class='ocrx_word' id='word_1_133' title='bbox 1381 1340 1585 1375; x_wconf 88' lang='lat' dir='ltr'>argumen-</span> 
     </span>
     <span class='ocr_line' id='line_1_18' title="bbox 159 1392 1585 1443; baseline 0.001 -12"><span class='ocrx_word' id='word_1_134' title='bbox 159 1398 240 1431; x_wconf 89' lang='lat' dir='ltr'>tum</span> <span class='ocrx_word' id='word_1_135' title='bbox 273 1394 445 1431; x_wconf 88' lang='lat' dir='ltr'>eiusdem</span> <span class='ocrx_word' id='word_1_136' title='bbox 477 1393 580 1429; x_wconf 89' lang='lat' dir='ltr'>modi</span> <span class='ocrx_word' id='word_1_137' title='bbox 613 1399 673 1429; x_wconf 85' lang='lat' dir='ltr'>est</span> <span class='ocrx_word' id='word_1_138' title='bbox 703 1396 821 1442; x_wconf 88' lang='lat' dir='ltr'>atque</span> <span class='ocrx_word' id='word_1_139' title='bbox 863 1392 1018 1428; x_wconf 87' lang='lat' dir='ltr'>fabulae</span> <span class='ocrx_word' id='word_1_140' title='bbox 1058 1405 1183 1430; x_wconf 84' lang='lat' dir='ltr'>novae</span> <span class='ocrx_word' id='word_1_141' title='bbox 1214 1394 1501 1443; x_wconf 82' lang='lat' dir='ltr'>comoediae1),</span> <span class='ocrx_word' id='word_1_142' title='bbox 1545 1396 1585 1432; x_wconf 88' lang='lat' dir='ltr'>in</span> 
     </span>
     <span class='ocr_line' id='line_1_19' title="bbox 161 1460 1588 1512; baseline 0.001 -14"><span class='ocrx_word' id='word_1_143' title='bbox 161 1462 304 1512; x_wconf 90' lang='lat' dir='ltr'>quibus</span> <span class='ocrx_word' id='word_1_144' title='bbox 336 1474 468 1498; x_wconf 89' lang='lat' dir='ltr'>omnes</span> <span class='ocrx_word' id='word_1_145' title='bbox 508 1473 568 1497; x_wconf 91' lang='lat' dir='ltr'>res</span> <span class='ocrx_word' id='word_1_146' title='bbox 600 1460 782 1497; x_wconf 82' lang='lat' dir='ltr'>Herculis</span> <span class='ocrx_word' id='word_1_147' title='bbox 825 1464 1042 1498; x_wconf 85' lang='lat' dir='ltr'>tractantur</span> <span class='ocrx_word' id='word_1_148' title='bbox 1073 1465 1112 1498; x_wconf 90' lang='lat' dir='ltr'>et</span> <span class='ocrx_word' id='word_1_149' title='bbox 1152 1461 1344 1509; x_wconf 87' lang='lat' dir='ltr'>imprimis</span> <span class='ocrx_word' id='word_1_150' title='bbox 1376 1463 1588 1510; x_wconf 79' lang='lat' dir='ltr'>exponitur</span> 
     </span>
     <span class='ocr_line' id='line_1_20' title="bbox 160 1527 1585 1579; baseline 0.001 -14"><span class='ocrx_word' id='word_1_151' title='bbox 160 1534 306 1579; x_wconf 86' lang='lat' dir='ltr'>quanta</span> <span class='ocrx_word' id='word_1_152' title='bbox 326 1528 590 1565; x_wconf 88' lang='lat' dir='ltr'>familiaritate</span> <span class='ocrx_word' id='word_1_153' title='bbox 612 1528 715 1565; x_wconf 91' lang='lat' dir='ltr'>inter</span> <span class='ocrx_word' id='word_1_154' title='bbox 736 1541 775 1564; x_wconf 88' lang='lat' dir='ltr'>se</span> <span class='ocrx_word' id='word_1_155' title='bbox 798 1527 994 1565; x_wconf 86' lang='lat' dir='ltr'>coniuncti</span> <span class='ocrx_word' id='word_1_156' title='bbox 1018 1528 1165 1565; x_wconf 86' lang='lat' dir='ltr'>fuerint</span> <span class='ocrx_word' id='word_1_157' title='bbox 1186 1534 1367 1576; x_wconf 86' lang='lat' dir='ltr'>parentes</span> <span class='ocrx_word' id='word_1_158' title='bbox 1384 1530 1585 1577; x_wconf 88' lang='lat' dir='ltr'>Herculis,</span> 
     </span>
     <span class='ocr_line' id='line_1_21' title="bbox 162 1596 1586 1645; baseline 0.001 -13"><span class='ocrx_word' id='word_1_159' title='bbox 162 1597 347 1633; x_wconf 82' lang='lat' dir='ltr'>Alcmene</span> <span class='ocrx_word' id='word_1_160' title='bbox 389 1601 427 1633; x_wconf 89' lang='lat' dir='ltr'>et</span> <span class='ocrx_word' id='word_1_161' title='bbox 459 1596 745 1644; x_wconf 85' lang='lat' dir='ltr'>Amphitruon,</span> <span class='ocrx_word' id='word_1_162' title='bbox 793 1596 839 1631; x_wconf 90' lang='lat' dir='ltr'>ad</span> <span class='ocrx_word' id='word_1_163' title='bbox 886 1608 980 1645; x_wconf 87' lang='lat' dir='ltr'>quas</span> <span class='ocrx_word' id='word_1_164' title='bbox 1024 1596 1242 1632; x_wconf 86' lang='lat' dir='ltr'>comoedias</span> <span class='ocrx_word' id='word_1_165' title='bbox 1287 1598 1586 1635; x_wconf 82' lang='lat' dir='ltr'>conscribendas</span> 
     </span>
     <span class='ocr_line' id='line_1_22' title="bbox 160 1663 1588 1715; baseline 0.001 -15"><span class='ocrx_word' id='word_1_166' title='bbox 160 1664 360 1712; x_wconf 78' lang='lat' dir='ltr'>provocati</span> <span class='ocrx_word' id='word_1_167' title='bbox 402 1668 492 1700; x_wconf 89' lang='lat' dir='ltr'>sunt</span> <span class='ocrx_word' id='word_1_168' title='bbox 530 1668 668 1711; x_wconf 88' lang='lat' dir='ltr'>poetae</span> <span class='ocrx_word' id='word_1_169' title='bbox 710 1663 907 1711; x_wconf 89' lang='lat' dir='ltr'>Euripidis</span> <span class='ocrx_word' id='word_1_170' title='bbox 947 1664 1147 1711; x_wconf 83' lang='lat' dir='ltr'>tragoedia</span> <span class='ocrx_word' id='word_1_171' title='bbox 1179 1663 1387 1710; x_wconf 87' lang='lat' dir='ltr'>Alcmena,</span> <span class='ocrx_word' id='word_1_172' title='bbox 1428 1665 1467 1701; x_wconf 93' lang='lat' dir='ltr'>in</span> <span class='ocrx_word' id='word_1_173' title='bbox 1511 1679 1588 1715; x_wconf 80' lang='lat' dir='ltr'>qua</span> 
     </span>
     <span class='ocr_line' id='line_1_23' title="bbox 162 1731 1583 1779; baseline 0.001 -11"><span class='ocrx_word' id='word_1_174' title='bbox 162 1731 352 1768; x_wconf 90' lang='lat' dir='ltr'>Hercules</span> <span class='ocrx_word' id='word_1_175' title='bbox 383 1743 479 1779; x_wconf 88' lang='lat' dir='ltr'>puer</span> <span class='ocrx_word' id='word_1_176' title='bbox 518 1731 763 1767; x_wconf 90' lang='lat' dir='ltr'>introductus</span> <span class='ocrx_word' id='word_1_177' title='bbox 808 1743 890 1767; x_wconf 86' lang='lat' dir='ltr'>esse</span> <span class='ocrx_word' id='word_1_178' title='bbox 923 1731 1075 1768; x_wconf 84' lang='lat' dir='ltr'>dicitur.</span> <span class='ocrx_word' id='word_1_179' title='bbox 1136 1733 1240 1779; x_wconf 90' lang='lat' dir='ltr'>Ergo</span> <span class='ocrx_word' id='word_1_180' title='bbox 1270 1733 1483 1769; x_wconf 81' lang='lat' dir='ltr'>verisimile</span> <span class='ocrx_word' id='word_1_181' title='bbox 1515 1738 1583 1779; x_wconf 83' lang='lat' dir='ltr'>est,</span> 
     </span>
     <span class='ocr_line' id='line_1_24' title="bbox 158 1798 1584 1851; baseline 0.002 -16"><span class='ocrx_word' id='word_1_182' title='bbox 158 1799 196 1835; x_wconf 94' lang='lat' dir='ltr'>id</span> <span class='ocrx_word' id='word_1_183' title='bbox 241 1800 343 1848; x_wconf 92' lang='lat' dir='ltr'>quod</span> <span class='ocrx_word' id='word_1_184' title='bbox 375 1812 397 1835; x_wconf 90' lang='lat' dir='ltr'>a</span> <span class='ocrx_word' id='word_1_185' title='bbox 427 1799 566 1835; x_wconf 90' lang='lat' dir='ltr'>Plauto</span> <span class='ocrx_word' id='word_1_186' title='bbox 608 1798 802 1846; x_wconf 87' lang='lat' dir='ltr'>prolatum</span> <span class='ocrx_word' id='word_1_187' title='bbox 843 1799 1040 1846; x_wconf 85' lang='lat' dir='ltr'>pertineat</span> <span class='ocrx_word' id='word_1_188' title='bbox 1078 1800 1124 1835; x_wconf 91' lang='lat' dir='ltr'>ad</span> <span class='ocrx_word' id='word_1_189' title='bbox 1167 1800 1378 1837; x_wconf 84' lang='lat' dir='ltr'>Herculem</span> <span class='ocrx_word' id='word_1_190' title='bbox 1421 1801 1584 1851; x_wconf 89' lang='lat' dir='ltr'>eiusque</span> 
     </span>
     <span class='ocr_line' id='line_1_25' title="bbox 160 1866 1587 1915; baseline 0.002 -13"><span class='ocrx_word' id='word_1_191' title='bbox 160 1871 362 1915; x_wconf 86' lang='lat' dir='ltr'>parentes,</span> <span class='ocrx_word' id='word_1_192' title='bbox 407 1866 575 1903; x_wconf 87' lang='lat' dir='ltr'>Graecae</span> <span class='ocrx_word' id='word_1_193' title='bbox 618 1866 782 1914; x_wconf 83' lang='lat' dir='ltr'>originis</span> <span class='ocrx_word' id='word_1_194' title='bbox 813 1878 919 1911; x_wconf 88' lang='lat' dir='ltr'>esse,</span> <span class='ocrx_word' id='word_1_195' title='bbox 960 1868 1188 1914; x_wconf 83' lang='lat' dir='ltr'>praesertim</span> <span class='ocrx_word' id='word_1_196' title='bbox 1220 1881 1307 1904; x_wconf 93' lang='lat' dir='ltr'>cum</span> <span class='ocrx_word' id='word_1_197' title='bbox 1338 1872 1454 1915; x_wconf 87' lang='lat' dir='ltr'>poeta</span> <span class='ocrx_word' id='word_1_198' title='bbox 1486 1869 1587 1905; x_wconf 82' lang='lat' dir='ltr'>Her-</span> 
     </span>
     <span class='ocr_line' id='line_1_26' title="bbox 160 1933 1586 1986; baseline 0.001 -16"><span class='ocrx_word' id='word_1_199' title='bbox 160 1934 284 1971; x_wconf 91' lang='lat' dir='ltr'>culem</span> <span class='ocrx_word' id='word_1_200' title='bbox 316 1933 507 1970; x_wconf 86' lang='lat' dir='ltr'>Graecum</span> <span class='ocrx_word' id='word_1_201' title='bbox 551 1934 765 1980; x_wconf 88' lang='lat' dir='ltr'>describat,</span> <span class='ocrx_word' id='word_1_202' title='bbox 810 1935 848 1970; x_wconf 92' lang='lat' dir='ltr'>id</span> <span class='ocrx_word' id='word_1_203' title='bbox 891 1935 994 1984; x_wconf 88' lang='lat' dir='ltr'>quod</span> <span class='ocrx_word' id='word_1_204' title='bbox 1035 1934 1111 1971; x_wconf 89' lang='lat' dir='ltr'>iam</span> <span class='ocrx_word' id='word_1_205' title='bbox 1152 1935 1243 1972; x_wconf 89' lang='lat' dir='ltr'>inde</span> <span class='ocrx_word' id='word_1_206' title='bbox 1275 1936 1452 1986; x_wconf 85' lang='lat' dir='ltr'>sequitur</span> <span class='ocrx_word' id='word_1_207' title='bbox 1483 1937 1586 1986; x_wconf 88' lang='lat' dir='ltr'>quod</span> 
     </span>
     <span class='ocr_line' id='line_1_27' title="bbox 162 2001 1588 2051; baseline 0.002 -14"><span class='ocrx_word' id='word_1_208' title='bbox 162 2015 233 2038; x_wconf 86' lang='lat' dir='ltr'>rex</span> <span class='ocrx_word' id='word_1_209' title='bbox 265 2002 390 2038; x_wconf 87' lang='lat' dir='ltr'>Creon</span> <span class='ocrx_word' id='word_1_210' title='bbox 435 2007 474 2038; x_wconf 88' lang='lat' dir='ltr'>et</span> <span class='ocrx_word' id='word_1_211' title='bbox 504 2001 658 2038; x_wconf 88' lang='lat' dir='ltr'>Pterela</span> <span class='ocrx_word' id='word_1_212' title='bbox 700 2001 846 2051; x_wconf 82' lang='lat' dir='ltr'>aliique</span> <span class='ocrx_word' id='word_1_213' title='bbox 878 2001 1014 2039; x_wconf 84' lang='lat' dir='ltr'>Graeci</span> <span class='ocrx_word' id='word_1_214' title='bbox 1056 2003 1233 2040; x_wconf 90' lang='lat' dir='ltr'>homines</span> <span class='ocrx_word' id='word_1_215' title='bbox 1275 2003 1463 2040; x_wconf 86' lang='lat' dir='ltr'>nominati</span> <span class='ocrx_word' id='word_1_216' title='bbox 1497 2009 1588 2040; x_wconf 86' lang='lat' dir='ltr'>sunt</span> 
     </span>
     <span class='ocr_line' id='line_1_28' title="bbox 162 2069 1586 2119; baseline 0.002 -14"><span class='ocrx_word' id='word_1_217' title='bbox 162 2069 202 2105; x_wconf 88' lang='lat' dir='ltr'>in</span> <span class='ocrx_word' id='word_1_218' title='bbox 242 2069 386 2106; x_wconf 84' lang='lat' dir='ltr'>fabula.</span> <span class='ocrx_word' id='word_1_219' title='bbox 457 2072 587 2119; x_wconf 87' lang='lat' dir='ltr'>Atque</span> <span class='ocrx_word' id='word_1_220' title='bbox 636 2082 686 2106; x_wconf 87' lang='lat' dir='ltr'>ex</span> <span class='ocrx_word' id='word_1_221' title='bbox 728 2083 888 2107; x_wconf 91' lang='lat' dir='ltr'>numero</span> <span class='ocrx_word' id='word_1_222' title='bbox 935 2070 1168 2107; x_wconf 87' lang='lat' dir='ltr'>Graecorum</span> <span class='ocrx_word' id='word_1_223' title='bbox 1224 2075 1425 2119; x_wconf 87' lang='lat' dir='ltr'>poetarum</span> <span class='ocrx_word' id='word_1_224' title='bbox 1471 2072 1586 2108; x_wconf 88' lang='lat' dir='ltr'>comi-</span> 
     </span>
     <span class='ocr_line' id='line_1_29' title="bbox 162 2137 1587 2188; baseline 0.002 -16"><span class='ocrx_word' id='word_1_225' title='bbox 162 2149 292 2173; x_wconf 88' lang='lat' dir='ltr'>corum</span> <span class='ocrx_word' id='word_1_226' title='bbox 334 2137 449 2173; x_wconf 90' lang='lat' dir='ltr'>etiam</span> <span class='ocrx_word' id='word_1_227' title='bbox 494 2137 820 2184; x_wconf 86' lang='lat' dir='ltr'>Amphitruonem</span> <span class='ocrx_word' id='word_1_228' title='bbox 854 2138 1077 2185; x_wconf 89' lang='lat' dir='ltr'>Archippus</span> <span class='ocrx_word' id='word_1_229' title='bbox 1121 2138 1375 2187; x_wconf 86' lang='lat' dir='ltr'>conscripsit,</span> <span class='ocrx_word' id='word_1_230' title='bbox 1420 2140 1466 2175; x_wconf 92' lang='lat' dir='ltr'>de</span> <span class='ocrx_word' id='word_1_231' title='bbox 1512 2152 1587 2188; x_wconf 84' lang='lat' dir='ltr'>qua</span> 
     </span>
     <span class='ocr_line' id='line_1_30' title="bbox 164 2203 1587 2253; baseline 0.002 -14"><span class='ocrx_word' id='word_1_232' title='bbox 164 2203 367 2240; x_wconf 87' lang='lat' dir='ltr'>Meinecke</span> <span class='ocrx_word' id='word_1_233' title='bbox 389 2205 426 2242; x_wconf 90' lang='lat' dir='ltr'>h.</span> <span class='ocrx_word' id='word_1_234' title='bbox 450 2217 501 2241; x_wconf 90' lang='lat' dir='ltr'>cr.</span> <span class='ocrx_word' id='word_1_235' title='bbox 532 2205 572 2242; x_wconf 88' lang='lat' dir='ltr'>T.</span> <span class='ocrx_word' id='word_1_236' title='bbox 595 2205 615 2240; x_wconf 87' lang='grc' dir='ltr'>Ι</span> <span class='ocrx_word' id='word_1_237' title='bbox 645 2218 707 2252; x_wconf 86' lang='lat' dir='ltr'>pg.</span> <span class='ocrx_word' id='word_1_238' title='bbox 732 2208 811 2241; x_wconf 84' lang='lat'>208</span> <span class='ocrx_word' id='word_1_239' title='bbox 844 2205 1085 2253; x_wconf 86' lang='lat' dir='ltr'>suspicatur:</span> <span class='ocrx_word' id='word_1_240' title='bbox 1118 2210 1388 2253; x_wconf 86' lang='lat' dir='ltr'>argumentum</span> <span class='ocrx_word' id='word_1_241' title='bbox 1420 2207 1587 2252; x_wconf 84' lang='lat' dir='ltr'>fabulae,</span> 
     </span>
     <span class='ocr_line' id='line_1_31' title="bbox 162 2272 1585 2321; baseline 0.002 -14"><span class='ocrx_word' id='word_1_242' title='bbox 162 2284 396 2321; x_wconf 87' lang='lat' dir='ltr'>quamquam</span> <span class='ocrx_word' id='word_1_243' title='bbox 435 2285 455 2308; x_wconf 89' lang='lat' dir='ltr'>e</span> <span class='ocrx_word' id='word_1_244' title='bbox 496 2272 725 2319; x_wconf 83' lang='lat' dir='ltr'>fragmentis</span> <span class='ocrx_word' id='word_1_245' title='bbox 769 2273 867 2310; x_wconf 89' lang='lat' dir='ltr'>nihil</span> <span class='ocrx_word' id='word_1_246' title='bbox 907 2273 1073 2319; x_wconf 87' lang='lat' dir='ltr'>efficias,</span> <span class='ocrx_word' id='word_1_247' title='bbox 1115 2274 1185 2311; x_wconf 82' lang='lat' dir='ltr'>vix</span> <span class='ocrx_word' id='word_1_248' title='bbox 1227 2278 1355 2311; x_wconf 88' lang='lat' dir='ltr'>tamen</span> <span class='ocrx_word' id='word_1_249' title='bbox 1391 2274 1585 2311; x_wconf 89' lang='lat' dir='ltr'>diversum</span> 
     </span>
     <span class='ocr_line' id='line_1_32' title="bbox 163 2339 1587 2390; baseline 0.003 -16"><span class='ocrx_word' id='word_1_250' title='bbox 163 2351 245 2375; x_wconf 89' lang='lat' dir='ltr'>esse</span> <span class='ocrx_word' id='word_1_251' title='bbox 277 2339 406 2386; x_wconf 90' lang='lat' dir='ltr'>potuit</span> <span class='ocrx_word' id='word_1_252' title='bbox 445 2340 491 2376; x_wconf 89' lang='lat' dir='ltr'>ab</span> <span class='ocrx_word' id='word_1_253' title='bbox 523 2352 568 2376; x_wconf 90' lang='lat' dir='ltr'>eo</span> <span class='ocrx_word' id='word_1_254' title='bbox 601 2342 703 2390; x_wconf 89' lang='lat' dir='ltr'>quod</span> <span class='ocrx_word' id='word_1_255' title='bbox 737 2341 900 2378; x_wconf 87' lang='lat' dir='ltr'>Plautus</span> <span class='ocrx_word' id='word_1_256' title='bbox 932 2340 1099 2377; x_wconf 86' lang='lat' dir='ltr'>Graecos</span> <span class='ocrx_word' id='word_1_257' title='bbox 1140 2345 1318 2378; x_wconf 85' lang='lat' dir='ltr'>auctores</span> <span class='ocrx_word' id='word_1_258' title='bbox 1361 2346 1515 2378; x_wconf 89' lang='lat' dir='ltr'>secutus</span> <span class='ocrx_word' id='word_1_259' title='bbox 1546 2342 1587 2378; x_wconf 91' lang='lat' dir='ltr'>in</span> 
     </span>
     <span class='ocr_line' id='line_1_33' title="bbox 164 2407 1587 2458; baseline 0.001 -16"><span class='ocrx_word' id='word_1_260' title='bbox 164 2407 395 2453; x_wconf 86' lang='lat' dir='ltr'>cognomine</span> <span class='ocrx_word' id='word_1_261' title='bbox 434 2408 567 2443; x_wconf 83' lang='lat' dir='ltr'>fabula</span> <span class='ocrx_word' id='word_1_262' title='bbox 608 2409 802 2445; x_wconf 78' lang='lat' dir='ltr'>tractavit.</span> <span class='ocrx_word' id='word_1_263' title='bbox 866 2410 1003 2458; x_wconf 84' lang='lat' dir='ltr'>Itaque</span> <span class='ocrx_word' id='word_1_264' title='bbox 1035 2409 1190 2456; x_wconf 85' lang='lat' dir='ltr'>singula</span> <span class='ocrx_word' id='word_1_265' title='bbox 1220 2422 1447 2457; x_wconf 86' lang='lat' dir='ltr'>percurrere</span> <span class='ocrx_word' id='word_1_266' title='bbox 1478 2409 1587 2446; x_wconf 89' lang='lat' dir='ltr'>velut</span> 
     </span>
     <span class='ocr_line' id='line_1_34' title="bbox 165 2473 1586 2523; baseline 0.003 -14"><span class='ocrx_word' id='word_1_267' title='bbox 165 2473 342 2510; x_wconf 85' lang='lat' dir='ltr'>Creontis</span> <span class='ocrx_word' id='word_1_268' title='bbox 370 2475 474 2521; x_wconf 82' lang='lat' dir='ltr'>regis</span> <span class='ocrx_word' id='word_1_269' title='bbox 504 2475 544 2511; x_wconf 89' lang='lat' dir='ltr'>in</span> <span class='ocrx_word' id='word_1_270' title='bbox 575 2489 633 2513; x_wconf 87' lang='lat' dir='ltr'>vs.</span> <span class='ocrx_word' id='word_1_271' title='bbox 667 2479 758 2523; x_wconf 86' lang='lat'>350,</span> <span class='ocrx_word' id='word_1_272' title='bbox 803 2476 980 2514; x_wconf 90' lang='lat' dir='ltr'>Pterelae</span> <span class='ocrx_word' id='word_1_273' title='bbox 1010 2490 1066 2515; x_wconf 83' lang='lat' dir='ltr'>vs.</span> <span class='ocrx_word' id='word_1_274' title='bbox 1101 2480 1192 2522; x_wconf 82' lang='lat'>252,</span> <span class='ocrx_word' id='word_1_275' title='bbox 1238 2476 1495 2513; x_wconf 89' lang='lat' dir='ltr'>Teleboorum</span> <span class='ocrx_word' id='word_1_276' title='bbox 1528 2490 1586 2514; x_wconf 83' lang='lat' dir='ltr'>vs.</span> 
     </span>
    </p>
   </div>
   <div class='ocr_carea' id='block_1_3' title="bbox 166 2539 367 2542">
    <p class='ocr_par' dir='ltr' id='par_1_6' title="bbox 166 2539 367 2542">
     <span class='ocr_line' id='line_1_35' title="bbox 166 2539 367 2542; baseline 0 0"><span class='ocrx_word' id='word_1_277' title='bbox 166 2539 367 2542; x_wconf 95' lang='lat' dir='ltr'> </span> 
     </span>
    </p>
   </div>
   <div class='ocr_carea' id='block_1_4' title="bbox 166 2571 1586 2716">
    <p class='ocr_par' dir='ltr' id='par_1_7' title="bbox 166 2571 1586 2716">
     <span class='ocr_line' id='line_1_36' title="bbox 257 2571 1585 2614; baseline 0.002 -12"><span class='ocrx_word' id='word_1_278' title='bbox 257 2571 289 2609; x_wconf 85' lang='lat'>1)</span> <span class='ocrx_word' id='word_1_279' title='bbox 315 2583 354 2602; x_wconf 89' lang='lat' dir='ltr'>ne</span> <span class='ocrx_word' id='word_1_280' title='bbox 379 2575 497 2603; x_wconf 88' lang='lat' dir='ltr'>erroris</span> <span class='ocrx_word' id='word_1_281' title='bbox 521 2584 698 2612; x_wconf 71' lang='lat' dir='ltr'>coarguat,</span> <span class='ocrx_word' id='word_1_282' title='bbox 739 2577 877 2606; x_wconf 83' lang='lat' dir='ltr'>mediam</span> <span class='ocrx_word' id='word_1_283' title='bbox 913 2587 994 2614; x_wconf 79' lang='lat' dir='ltr'>quae</span> <span class='ocrx_word' id='word_1_284' title='bbox 1031 2581 1167 2606; x_wconf 80' lang='lat' dir='ltr'>vocatur</span> <span class='ocrx_word' id='word_1_285' title='bbox 1192 2577 1392 2606; x_wconf 82' lang='lat' dir='ltr'>comoediam</span> <span class='ocrx_word' id='word_1_286' title='bbox 1419 2577 1497 2605; x_wconf 86' lang='lat' dir='ltr'>nihil</span> <span class='ocrx_word' id='word_1_287' title='bbox 1524 2577 1585 2605; x_wconf 83' lang='lat' dir='ltr'>nisi</span> 
     </span>
     <span class='ocr_line' id='line_1_37' title="bbox 166 2629 1586 2671; baseline 0.004 -15"><span class='ocrx_word' id='word_1_288' title='bbox 166 2629 256 2657; x_wconf 86' lang='lat' dir='ltr'>initia</span> <span class='ocrx_word' id='word_1_289' title='bbox 281 2638 385 2658; x_wconf 82' lang='lat' dir='ltr'>novae</span> <span class='ocrx_word' id='word_1_290' title='bbox 410 2631 594 2659; x_wconf 82' lang='lat' dir='ltr'>comoediae</span> <span class='ocrx_word' id='word_1_291' title='bbox 620 2640 690 2660; x_wconf 83' lang='lat' dir='ltr'>esse</span> <span class='ocrx_word' id='word_1_292' title='bbox 715 2642 852 2671; x_wconf 75' lang='lat' dir='ltr'>cense03</span> <span class='ocrx_word' id='word_1_293' title='bbox 876 2638 1050 2671; x_wconf 84' lang='lat' dir='ltr'>propterea</span> <span class='ocrx_word' id='word_1_294' title='bbox 1076 2643 1138 2663; x_wconf 90' lang='lat' dir='ltr'>non</span> <span class='ocrx_word' id='word_1_295' title='bbox 1165 2643 1298 2663; x_wconf 85' lang='lat' dir='ltr'>secerno</span> <span class='ocrx_word' id='word_1_296' title='bbox 1324 2633 1365 2661; x_wconf 82' lang='lat' dir='ltr'>ab</span> <span class='ocrx_word' id='word_1_297' title='bbox 1393 2643 1479 2662; x_wconf 85' lang='lat' dir='ltr'>nova</span> <span class='ocrx_word' id='word_1_298' title='bbox 1504 2642 1586 2670; x_wconf 80' lang='lat' dir='ltr'>quae</span> 
     </span>
     <span class='ocr_line' id='line_1_38' title="bbox 166 2686 771 2716; baseline 0.002 -1"><span class='ocrx_word' id='word_1_299' title='bbox 166 2689 300 2715; x_wconf 80' lang='lat' dir='ltr'>vocatur</span> <span class='ocrx_word' id='word_1_300' title='bbox 326 2686 493 2715; x_wconf 83' lang='lat' dir='ltr'>comoedia</span> <span class='ocrx_word' id='word_1_301' title='bbox 517 2686 606 2715; x_wconf 85' lang='lat' dir='ltr'>illam</span> <span class='ocrx_word' id='word_1_302' title='bbox 625 2688 771 2716; x_wconf 83' lang='lat' dir='ltr'>mediam.</span> 
     </span>
    </p>
   </div>
  </div>
 </body>
</html>
