1857 3089
802 167 1081 208 -32-

231 267 421 304 sidionem
454 267 747 305 celeberrimam
769 268 960 318 Sicyonis,
994 283 1108 320 quam
1129 283 1232 307 anno
1256 275 1333 308 303
1366 271 1429 310 vel
1449 275 1539 321 post
1559 285 1647 309 eum

228 347 375 371 annum
407 335 528 371 fuisse
558 335 636 371 iam
668 335 897 385 Droysenus
929 337 1037 386 (hist.
1071 338 1205 375 Graec.
1238 339 1271 375 Ι.
1306 341 1338 376 1.
1370 353 1432 388 pg.
1466 339 1563 387 507)
1609 343 1646 376 et

234 402 432 439 Usenerus
462 402 650 451 (Symbol.
680 404 817 452 philol.
842 405 953 441 Bonn
984 419 1022 454 p.
1049 404 1145 454 592)
1177 405 1404 443 docuerunt.
1465 407 1551 447 Qua
1583 408 1649 443 ob-

234 468 386 506 sidione
429 470 476 506 ab
510 469 709 517 Antigono
751 483 843 517 rege
884 472 988 508 facta
1029 471 1086 508 illi
1130 472 1263 509 oculus
1306 473 1503 521 catapulta
1548 473 1649 510 ictus

230 540 299 581 est,
332 537 380 573 cf.
405 536 554 573 Aelian.
590 537 632 573 V.
660 539 711 575 H.
748 539 842 584 XII,
881 541 948 584 133
982 544 1221 589 quapropter
1255 535 1473 583 Κύκλωπος
1504 554 1648 587 cogno-

234 602 339 640 mine
369 616 461 640 usus
493 608 572 650 est,
619 606 721 655 quod
755 606 914 642 Graecis
957 606 1135 643 omnibus
1176 610 1311 644 notum
1350 607 1434 644 loco
1466 607 1648 644 Plautino

231 670 450 720 respicitur.
512 672 616 719 Ergo
649 673 723 710 hoc
754 673 926 710 Graecae
958 673 1122 720 originis
1154 677 1223 712 est.

345 806 517 843 Fabulae
540 807 752 856 Epidici
785 821 885 845 vers.
901 808 954 844 ⁷27
974 820 1055 858 eqs.
1078 809 1266 846 Thesbrio
1299 823 1434 848 servus
1466 823 1516 848 ex
1545 810 1649 847 bello

233 886 415 911 reversus
447 874 502 910 sic
535 874 773 924 colloquitur
805 887 892 911 cum
921 875 1085 923 Epidico
1116 876 1323 914 familiari:

732 942 808 978 Ubi
840 954 948 978 arma
979 947 1071 979 sunt
1101 943 1379 992 Stratippocli?

295 1008 362 1044 Pol
386 1007 455 1045 illa
485 1009 532 1045 ad
555 1009 687 1046 hostes
709 1009 1033 1056 transfugerunt?
1065 1010 1263 1048 Armane?
1307 1013 1437 1061 Atque
1470 1011 1650 1061 equidem

1275 1078 1365 1116 cito.

293 1143 454 1180 Serione
486 1143 582 1180 dicis
613 1143 742 1183 istuc?
800 1144 910 1182 Serio
941 1145 1123 1196 inquam:
1158 1146 1292 1183 hostes
1323 1146 1472 1182 habent
1489 1146 1536 1195 ¹).
1587 1148 1596 1156 ⁹

237 1214 299 1248 30.
324 1211 473 1260 Edepol
495 1211 647 1248 facinus
668 1212 913 1260 improbum!
945 1214 997 1249 At
1018 1213 1094 1250 iam
1117 1218 1208 1250 ante
1239 1214 1304 1251 alii
1327 1215 1506 1251 fecerunt
1535 1213 1651 1250 idem.

232 1279 318 1315 Erit
348 1278 407 1314 illi
440 1278 508 1314 illa
538 1292 600 1315 res
631 1279 784 1316 honori.
849 1279 953 1321 Qui?
985 1279 1087 1320 Quia
1117 1285 1234 1318 antea
1264 1280 1409 1319 Achilli
1441 1281 1516 1317 fuit
1533 1279 1582 1329 2).

233 1346 438 1392 Mulciber,
471 1347 597 1393 credo,
630 1359 737 1383 arma
767 1347 871 1394 fecit,
903 1360 1003 1398 quae
1034 1348 1174 1385 habuit
1203 1348 1507 1398 Stratippocles:

333 1508 365 1543 1)
390 1509 486 1542 atque
512 1514 625 1533 versus
656 1505 785 1534 29—31
814 1505 918 1533 voluit
943 1509 1154 1542 transponere
1179 1504 1216 1533 G.
1236 1504 1388 1534 Goetzius
1412 1505 1443 1534 in
1469 1505 1648 1534 dissertat:

235 1562 382 1600 symbola
408 1562 518 1591 critica
543 1560 582 1589 ad
607 1560 731 1598 priores
757 1560 863 1589 Plauti
889 1561 1026 1596 fabulas,
1054 1561 1182 1598 Lipsiae
1202 1562 1286 1591 1877
1314 1571 1343 1599 p.
1371 1563 1412 1591 42
1441 1571 1518 1598 eqs.,
1546 1570 1649 1598 neque

234 1622 339 1647 auten]
358 1618 506 1646 omnibus
525 1617 813 1651 consentientibus,
840 1626 913 1645 nain
939 1618 1023 1654 quod
1044 1616 1196 1646 Goetzius
1221 1621 1287 1646 tum
1311 1617 1391 1646 dixit
1408 1621 1536 1646 auctore
1555 1617 1650 1645 Rein-

234 1675 348 1703 hardto
383 1674 413 1702 in
440 1673 642 1702 Fleckeiseni
680 1674 763 1701 Nov.
792 1682 866 1701 ann.
892 1675 957 1703 vol.
987 1675 1047 1703 111
1087 1673 1125 1713 (ai
1156 1672 1254 1711 1875)
1292 1684 1322 1711 p.
1350 1675 1433 1706 199.
1473 1673 1650 1702 abhorrere

239 1740 353 1759 versus
379 1731 419 1760 35
447 1739 512 1766 eqs.
540 1738 558 1757 a
583 1730 689 1758 colore
716 1738 825 1757 eorum
850 1731 903 1766 qui
929 1730 1146 1767 praecedunt,
1182 1729 1213 1758 in
1241 1730 1390 1759 editionis
1415 1729 1548 1767 praefat.
1576 1738 1648 1767 pag.

243 1786 339 1814 XXII
363 1786 559 1824 pronuntiat,
586 1785 641 1814 illo
666 1788 736 1814 loco
761 1785 781 1813 i.
809 1794 835 1813 e.
861 1785 902 1814 in.
933 1795 1018 1815 vers.
1038 1787 1078 1814 35
1106 1794 1172 1822 eqs.
1199 1787 1315 1815 rectius
1341 1787 1379 1815 de
1404 1786 1652 1824 interpolatione

239 1843 373 1880 cogitari
400 1842 558 1880 Seyfferto
585 1842 683 1877 duce,
723 1851 796 1870 nam
822 1841 962 1878 perbene
995 1845 1130 1878 possunt
1154 1841 1267 1871 abesse
1298 1842 1344 1870 illi
1370 1851 1482 1870 versus
1509 1843 1652 1872 35—36.

238 1899 385 1928 Turbant
410 1899 495 1927 enim
521 1908 554 1927 re
580 1908 658 1928 vera
683 1907 863 1927 connexum
888 1897 1128 1932 sententiarum,
1155 1907 1227 1926 cum
1251 1898 1351 1926 illud:
1375 1898 1492 1927 desiste
1518 1907 1650 1935 percon-

238 1956 357 1984 tarier:
384 1955 535 1992 respiciat
552 1954 722 1992 Epidicum
747 1958 843 1990 atque
868 1954 1043 1991 significet:
1070 1954 1221 1990 quoniam
1245 1957 1279 1983 tu
1303 1954 1372 1991 ipse
1397 1958 1491 1992 putas
1517 1954 1651 1992 Stratip-

237 2013 363 2049 poclem
388 2011 503 2039 iterum
529 2020 618 2039 arma
643 2011 798 2048 accipere,
824 2010 933 2039 desine
959 2019 1123 2047 quaerere,
1149 2009 1204 2039 ubi
1229 2011 1293 2039 sint
1319 2019 1427 2050 arma3
1455 2020 1558 2047 neque
1586 2011 1655 2039 ulla

237 2068 269 2096 in
294 2077 328 2097 re
352 2068 563 2103 coniungatur
589 2076 660 2095 cum
685 2067 739 2095 illo
765 2066 993 2095 antecedente:
1030 2070 1063 2095 tu
1095 2066 1185 2103 ipse,
1224 2066 1279 2094 ubi
1304 2066 1414 2102 lubet,
1452 2066 1548 2095 finem
1573 2066 1652 2095 face.

238 2124 364 2153 Deinde
389 2128 495 2152 autem
534 2124 703 2152 molestum
741 2122 869 2151 videtur
895 2121 1047 2156 Goetzio,
1084 2123 1168 2159 quod
1194 2122 1350 2160 Thesprio
1387 2133 1417 2152 v.
1445 2125 1486 2153 32
1522 2123 1563 2151 ad
1587 2132 1654 2151 rem

237 2190 334 2217 qnam
360 2180 454 2208 modo
479 2179 675 2213 absolverat,
701 2179 802 2215 redit3
828 2179 885 2208 sed
910 2179 989 2207 haec
1022 2188 1093 2207 mea
1117 2179 1245 2215 quidem
1271 2179 1430 2208 sententia
1455 2179 1535 2207 nihil
1559 2178 1655 2208 habet

238 2238 375 2275 inirumr,
401 2246 475 2265 nam
501 2236 532 2264 in
558 2245 605 2264 vs.
627 2236 755 2264 28—31
785 2235 942 2272 exposuit,
969 2244 1032 2263 non
1058 2239 1150 2272 turpe
1176 2245 1245 2264 esse
1263 2245 1352 2264 arma
1369 2235 1514 2273 perdere,
1540 2235 1654 2263 deinde

239 2304 271 2323 v.
298 2295 339 2323 32
365 2293 526 2327 declarat,
564 2292 723 2328 quomodo
758 2290 826 2319 fieri
861 2290 980 2328 possit,
1019 2294 1052 2319 ut
1085 2300 1175 2319 arma
1200 2290 1407 2329 Stratippocli
1442 2291 1653 2323 transvolent.

240 2350 327 2386 Ergo
353 2352 507 2385 quantum
533 2357 592 2384 ego
617 2347 745 2384 quidem
763 2347 873 2376 videre
898 2356 1039 2384 possum,
1064 2346 1145 2375 nihil
1170 2350 1227 2383 est,
1253 2356 1309 2376 cur
1333 2350 1585 2385 transponantur
1608 2347 1655 2376 illi

239 2415 365 2441 versus,
391 2405 539 2441 quamvis
564 2403 692 2440 Hasper
717 2403 748 2431 in
776 2403 952 2432 coniectari.
978 2403 1018 2432 ad
1037 2403 1128 2440 Epid.
1155 2412 1208 2440 pg.
1236 2405 1276 2433 10
1302 2403 1430 2440 (Dresd.
1461 2404 1546 2433 1882
1572 2406 1655 2440 prg.)

241 2463 286 2490 eis
311 2461 498 2490 offendatur.

335 2515 366 2559 2)
394 2516 479 2554 quod
506 2516 724 2553 Kiesslingius
761 2515 901 2553 perbene
927 2516 1063 2545 coniecit
1093 2516 1176 2545 Mus.
1199 2516 1300 2545 Rhen.
1341 2516 1403 2545 vol.
1433 2517 1484 2545 24.
1518 2525 1549 2553 p.
1578 2516 1654 2552 119,

241 2583 313 2601 cum
348 2578 420 2601 ante
454 2573 547 2601 illum
583 2581 650 2601 rem
685 2581 748 2601 non
774 2576 873 2601 totam
904 2572 1063 2610 tetigisset
1086 2572 1231 2602 Muretus
1256 2572 1331 2603 Var.
1359 2574 1430 2602 lect.
1456 2571 1497 2608 X,
1526 2573 1575 2605 10,
1601 2571 1656 2608 qui

241 2629 273 2658 in
299 2638 396 2658 versu
423 2630 464 2659 30
490 2637 548 2666 pro
573 2627 646 2657 aliis
671 2628 807 2658 inseruit
831 2629 945 2657 Achili.
