1857 3089
811 201 1091 241 ..14-

243 315 312 339 nes
343 301 527 350 paulatim
561 303 766 340 assuefacti
798 306 906 348 sunt,
949 316 1061 353 quam
1094 305 1259 341 Romani
1291 305 1407 342 etiam
1437 306 1660 354 adsumpse-

242 374 335 406 runt
364 370 646 417 posterioribus
676 370 927 418 temporibus,
961 371 1021 407 cui
1052 371 1110 407 rei
1141 371 1251 408 testis
1283 376 1341 409 est
1370 373 1570 410 Horatius.

357 440 487 486 Atque
519 436 633 472 huius
663 437 766 483 regis
798 437 942 474 mentio
973 437 1146 483 inventa,
1178 438 1218 474 in
1242 437 1392 486 Captiv.
1414 439 1492 476 fab.
1522 453 1559 476 v.
1584 443 1660 476 90:

377 504 475 540 Nam
497 506 702 553 postquam
734 516 842 540 meus
872 517 943 541 rex
974 509 1033 541 est
1063 505 1211 552 potitus
1243 505 1412 541 hostium
1444 518 1524 555 eqs.

243 577 281 608 et
310 571 352 607 in
382 570 502 607 Stich.
534 583 570 607 v.
603 574 703 607 455:
734 575 812 607 tam
845 571 996 608 confido
1029 584 1142 622 quam
1175 572 1278 620 potis

245 639 308 674 Me
340 650 465 674 meum
499 642 791 685 optentaturum
821 651 950 685 regem
982 639 1165 676 rediculis
1198 639 1332 676 modis.

244 710 283 741 et
315 705 422 742 Asin.
448 708 552 742 918:
586 718 673 742 nam
704 706 745 741 ni
776 706 941 754 impetro

326 785 455 820 regem
486 773 656 820 perdidi:
689 786 737 809 ex
769 786 897 810 amore
929 778 1120 811 tantumst
1150 775 1297 811 homini
1330 775 1564 821 incendium,

244 846 281 876 et
312 841 351 876 111
383 839 537 876 Terent.
570 840 725 876 Phorm.
758 840 810 877 II.
845 844 880 877 2.
914 844 988 878 24:

328 908 411 944 Imo
445 908 547 943 enim
579 920 691 943 nemo
723 907 816 944 satis
847 920 916 954 pro
949 908 1086 944 merito
1118 909 1280 955 gratiam
1312 909 1392 956 regi
1426 910 1556 955 refert,

244 980 347 1012 certe
379 987 428 1010 ex
459 974 616 1010 Graecis
646 973 789 1010 fabulis
818 975 974 1022 pendet,
1006 975 1045 1010 in
1079 975 1219 1025 quibus
1250 976 1403 1023 patroni
1436 989 1522 1012 cum
1553 989 1664 1024 para-

245 1042 329 1079 sitis
368 1042 577 1078 introducti
623 1048 724 1078 sunt.
798 1040 926 1081 Quid?
971 1043 1074 1092 quod
1117 1047 1183 1079 aut
1225 1043 1338 1080 valde
1383 1056 1469 1080 erro
1515 1049 1582 1080 aut
1623 1045 1662 1080 in

244 1109 483 1157 Antiphanis
531 1103 724 1155 Διδύμοις
764 1108 897 1144 fabula
939 1109 1084 1146 mentio
1131 1114 1259 1147 exstat
1312 1111 1414 1157 regis
1467 1112 1662 1148 cuiusdam

242 1176 414 1225 parasiti.
475 1176 571 1211 Nam
604 1176 704 1223 apud
739 1176 856 1212 Mein.
889 1176 965 1213 ΠΙ.
1001 1179 1051 1212 45
1084 1176 1272 1223 legimus:

453 1238 504 1278 Τὸ
537 1238 727 1292 ποτήριόν
757 1257 822 1289 μοι
853 1240 894 1279 τό
927 1241 1023 1293 μέγα
1054 1242 1264 1293 προςφέρει
1295 1240 1438 1292 λαβών.

450 1339 679 1348 ........
713 1308 775 1346 καὶ
808 1311 980 1346 θεαινῶν
1010 1311 1199 1358 μυρίους·

445 1373 560 1414 ἔπειτ’
594 1376 656 1414 ἐπὶ
688 1373 843 1421 τούτοις
874 1379 969 1414 πᾶσι
1001 1379 1067 1426 τῆς
1098 1379 1238 1426 σεμνῆς
1269 1379 1382 1423 θεᾶς,

448 1446 515 1482 καὶ
552 1446 621 1481 τοῦ
653 1442 893 1495 γλυκυτάτου
925 1443 1110 1493 βασιλέως
1141 1446 1348 1493 διμοιρίαν.

358 1515 528 1551 Primum
562 1514 717 1564 quidem
748 1513 789 1549 in
820 1514 891 1550 hac
920 1514 1051 1549 fabula
1082 1514 1292 1562 parasitum
1325 1514 1444 1551 fuisse
1474 1515 1566 1551 inde
1597 1527 1663 1562 ap-

245 1588 371 1631 paret,
417 1582 519 1632 quod
553 1582 694 1618 Athen.
730 1581 794 1617 VI.
827 1594 863 1629 p.
898 1582 974 1617 237
1020 1582 1066 1617 de
1109 1582 1290 1629 parasitis
1336 1581 1481 1631 aliquid
1514 1583 1663 1630 profert

249 1665 299 1687 ex
330 1651 401 1686 hac
430 1649 563 1685 fabula
594 1656 806 1697 sumptum3
839 1654 919 1685 tum
952 1649 1045 1685 haec
1076 1649 1195 1685 verba
1225 1649 1265 1684 in
1298 1662 1363 1685 ore
1394 1649 1552 1697 parasiti
1582 1663 1661 1686 non

246 1718 382 1765 inepta
422 1717 623 1760 videntum
674 1716 901 1764 perstringit
953 1720 1081 1752 autem
1120 1720 1235 1763 poeta
1275 1717 1347 1753 hoc
1387 1717 1470 1753 loco
1512 1718 1661 1754 foedam

249 1785 491 1836 quorundam
536 1783 820 1829 adulationem,
862 1783 927 1833 qui
970 1783 1143 1830 singulos
1186 1784 1346 1832 cyathos
1387 1784 1550 1831 singulis
1593 1784 1666 1820 diis

246 1854 415 1889 libantes
458 1852 497 1887 in
543 1851 755 1896 conviviis,
798 1851 838 1887 in
871 1852 1057 1887 honorem
1090 1851 1192 1898 regis
1224 1852 1318 1887 duos
1349 1852 1510 1900 cyathos
1540 1852 1665 1888 effun-

248 1921 402 1964 derent3
449 1932 563 1969 quem
607 1931 733 1965 regem
779 1919 851 1954 hoc
895 1918 978 1955 loco
1023 1918 1285 1954 Alexandrum
1329 1931 1413 1955 esse
1454 1919 1553 1954 nihil
1595 1922 1663 1963 est,

249 1987 350 2036 quod
383 1987 494 2022 nobis
516 1986 767 2033 persuadeat;
799 1987 944 2030 eodem,
977 1985 1141 2022 fortasse
1171 1986 1316 2022 maiore
1346 1986 1430 2022 iure
1461 1986 1524 2022 hic
1559 1985 1666 2021 locus

249 2054 476 2091 referendus
509 2058 567 2089 est
597 2054 643 2088 ad
675 2053 885 2100 parasitum
918 2056 1123 2100 patronum
1157 2052 1377 2090 adulantem
1397 2053 1444 2102 ¹).

362 2122 407 2156 In
437 2132 553 2156 versu
585 2123 661 2155 935
696 2120 883 2167 legimus:

307 2189 430 2224 Immo
453 2187 597 2223 Nestor
628 2200 731 2223 nunc
754 2187 948 2236 quidemst
980 2187 1025 2223 de
1047 2187 1187 2232 verbis,
1221 2199 1313 2235 prae
1343 2192 1387 2224 ut
1409 2188 1551 2223 dudum
1582 2187 1666 2222 fuit.

361 2255 424 2291 Sic
455 2254 556 2290 enim
588 2254 660 2290 hoc
693 2254 775 2290 loco
809 2254 1053 2290 scribendum
1086 2258 1145 2291 est
1165 2255 1373 2302 Spengelio
1406 2255 1519 2298 duce;
1552 2259 1667 2303 atque

249 2324 391 2359 Nestor
433 2327 475 2358 ut
519 2327 600 2358 erat
640 2321 794 2368 sapiens
833 2321 1045 2368 opponitur
1074 2321 1211 2357 insano
1246 2321 1518 2366 Menaechmo,
1565 2321 1668 2370 quod

250 2391 331 2426 fieri
363 2401 476 2437 posse
507 2394 623 2436 negat
655 2388 810 2424 Brixius
840 2388 881 2423 in
912 2388 1163 2425 adnotatione
1193 2388 1239 2424 ad
1264 2389 1367 2425 hunc
1398 2389 1545 2425 locum:
1577 2392 1671 2425 statt

250 2457 386 2493 melior
414 2457 543 2492 haben
584 2456 645 2492 die
677 2455 984 2492 Handschriften
1016 2461 1166 2500 nestor,
1197 2455 1321 2493 worin
1353 2468 1439 2491 man
1473 2468 1567 2503 gern
1600 2455 1671 2492 mit

342 2545 374 2583 1)
400 2544 603 2581 Quamquam
637 2544 721 2572 hanc
756 2544 950 2572 sententiam
986 2553 1051 2572 non
1077 2553 1134 2581 pro
1161 2552 1238 2573 vero
1266 2544 1438 2573 venditare
1462 2545 1560 2580 volo,
1597 2553 1669 2573 cum

250 2602 329 2631 mihi
354 2600 450 2629 modo
487 2600 520 2628 in
546 2604 686 2629 mentem
711 2600 837 2629 venerit
863 2604 959 2637 atque
984 2609 1035 2628 me
1061 2610 1124 2628 non
1150 2600 1255 2637 fugiat
1272 2623 1280 2637 ‚
1319 2601 1415 2629 etiam
1441 2601 1562 2630 Romae
1587 2600 1673 2637 regis

250 2657 504 2696 appellationem
540 2660 727 2694 usurpatam
752 2657 874 2691 videri⁷
913 2666 986 2685 nam
1012 2657 1104 2694 pueri
1141 2661 1296 2685 cantant:
1333 2666 1390 2686 rex
1423 2657 1496 2693 eris,
1533 2657 1671 2686 sirecte

251 2713 360 2743 facies.
389 2713 430 2742 cf.
455 2713 569 2742 Horat.
599 2713 691 2750 epist.
718 2713 743 2741 Ι.
773 2715 800 2749 1,
827 2713 880 2743 59.
