1857 3089
814 204 1091 246 *54-

243 312 331 355 eget
360 307 703 355 interpretatione3
734 321 852 344 unum
886 309 1039 359 quidem
1071 311 1217 346 certum
1247 309 1403 347 videtur
1433 322 1534 354 esse,
1566 310 1654 346 Cer—

244 387 369 422 copes,
403 374 554 411 dolosos
585 375 839 412 homunculos
869 375 1079 412 Herculem
1112 376 1383 422 aggredientes
1413 377 1460 413 ab
1492 390 1536 414 eo
1569 376 1654 413 vin-

244 446 344 488 ctos,
393 441 530 478 deinde
561 448 689 479 autem
729 447 889 490 propter
929 443 1034 480 iocos
1065 442 1250 479 demissos
1293 453 1397 490 esse3
1441 446 1522 480 tum
1561 456 1653 481 vero

244 521 424 557 cercopes
455 509 589 545 simiae
620 513 729 555 sunt,
770 515 814 546 ut
843 510 971 548 insula
1001 510 1187 558 Cercopia
1217 509 1268 546 sit
1297 509 1404 557 regio
1436 510 1653 555 simiarum;

244 581 361 626 atque
392 576 492 612 nihil
521 576 625 613 aliud
655 576 825 614 efficitur
854 578 929 615 nisi
962 583 1005 615 ut
1034 577 1232 614 fabulosus
1263 590 1333 613 rex
1360 576 1583 614 inveniatur
1612 578 1653 614 in

243 650 345 680 terra
374 644 572 690 fabulosa,
605 650 721 695 atque
751 645 879 682 insula
913 646 1099 694 Cercopia
1130 645 1229 681 nihil
1260 650 1317 682 est
1347 644 1421 681 nisi
1454 644 1652 690 „Schwin-

245 711 424 748 delland“
456 717 588 749 nostra
618 712 760 760 lingua.
820 713 894 749 Sed
925 713 1037 750 valde
1072 713 1196 760 lugeo,
1230 713 1332 763 quod
1364 713 1463 749 hanc
1493 725 1572 748 rem
1609 713 1656 748 ad

243 784 389 816 certum
407 779 522 817 finem
545 782 755 829 perducere
774 795 852 818 non
874 795 1042 830 possum,
1068 782 1133 819 sed
1152 794 1245 829 egeo
1269 781 1371 818 omni
1389 781 1652 826 fundamento,

245 846 328 884 sine
361 861 436 898 quo
469 848 569 884 nihil
600 849 694 885 certi
727 849 970 895 evincemus,
1015 862 1246 899 quamquam
1289 849 1447 885 dubium
1479 862 1556 885 non
1587 852 1655 894 est,

243 914 336 964 quin
370 920 452 952 tota
480 928 542 953 res
573 921 747 954 recurrat
777 917 823 953 ad
856 917 1044 954 Graecum
1075 917 1235 953 fontem.

353 1050 398 1086 In
430 1049 753 1098 Truculenti,
785 1052 832 1088 ad
856 1063 969 1100 quam
996 1064 1099 1088 nunc
1122 1050 1349 1097 accedimus,
1381 1055 1509 1088 exstat
1538 1051 1656 1097 locus,

244 1116 310 1166 qui
345 1124 435 1165 eget
464 1118 799 1167 interpretatione.
859 1120 907 1155 In
949 1132 1064 1156 versu
1106 1119 1208 1155 enim
1243 1121 1320 1154 515
1354 1118 1462 1154 miles
1503 1119 1656 1155 domum

244 1197 427 1223 reversus
459 1186 719 1233 meretricem,
764 1200 879 1238 quam
911 1187 1058 1224 decimo
1089 1192 1178 1224 ante
1210 1198 1339 1223 mense
1371 1185 1568 1233 gravidam
1596 1198 1656 1222 re-

243 1252 423 1303 liquerat,
457 1253 510 1291 sic
542 1254 704 1292 salutat:

279 1322 382 1358 Mars
402 1321 437 1369 1)
466 1334 627 1370 peregre
659 1322 870 1359 adveniens
902 1322 1044 1360 salutat
1073 1322 1272 1359 Nerienen
1304 1334 1469 1359 uxorem
1499 1334 1618 1358 suam.

244 1392 374 1440 Atque
416 1389 624 1426 Nerienem
667 1390 749 1427 sive
790 1390 947 1428 Neriam
1000 1390 1107 1426 deam
1149 1390 1287 1427 Martis
1331 1389 1531 1435 coniugem
1574 1402 1657 1426 esse

247 1456 339 1494 satis
381 1457 447 1506 eis,
489 1469 587 1508 quae
627 1463 787 1506 propter
826 1458 928 1495 hunc
971 1458 1096 1506 ipsum
1139 1458 1265 1494 Plauti
1297 1457 1423 1494 locum
1464 1457 1659 1504 congessit

247 1524 394 1561 Gellius
414 1525 533 1571 XIII,
557 1528 619 1563 23.
651 1525 879 1571 declaratur,
911 1526 958 1563 cf.
991 1530 1191 1574 praeterea
1212 1525 1373 1562 Prelleri
1399 1525 1521 1573 Myth.
1545 1526 1655 1561 Rom.

246 1605 284 1640 p.
317 1596 395 1629 342
416 1592 447 1630 3.
508 1593 620 1630 Hanc
650 1594 845 1630 Nerienen
886 1593 1018 1642 posuit
1057 1593 1217 1630 Plautus
1257 1606 1326 1641 pro
1360 1591 1575 1640 Aphrodite
1616 1591 1657 1627 iu

248 1660 392 1697 Graeca
411 1661 561 1706 fabula,
593 1674 678 1698 cum
709 1661 776 1698 illa
806 1667 931 1698 aetate
961 1662 1133 1698 nondum
1164 1661 1303 1698 Latina
1332 1659 1493 1696 numina
1524 1659 1653 1696 eadem

249 1733 378 1766 essent
406 1734 524 1779 atque
547 1729 709 1775 Graeca3
741 1729 879 1766 deinde
911 1733 1039 1766 autem
1069 1732 1184 1778 poeta
1214 1741 1264 1765 ex
1286 1728 1431 1765 Graeca
1462 1727 1660 1765 comoedia

247 1795 366 1833 vertit
395 1800 433 1833 et
462 1810 532 1845 pro
562 1797 790 1846 Aphrodite,
824 1810 922 1847 quae
944 1810 1029 1834 cum
1052 1797 1176 1834 Marte
1214 1796 1497 1841 nominabatur,
1529 1794 1659 1843 posuit

251 1862 388 1900 Martis
419 1863 641 1911 coniugem,
687 1877 918 1915 quamquam
963 1864 1031 1900 illa
1072 1864 1230 1900 minime
1271 1870 1361 1912 apta
1402 1867 1460 1900 est
1497 1863 1544 1899 ad
1575 1875 1658 1899 eam

250 1932 554 1980 significandam.
612 1931 685 1969 Sed
713 1932 811 1978 vide,
846 1937 990 1983 quanto
1022 1932 1149 1980 aptius
1181 1931 1367 1968 meretrix
1399 1944 1483 1967 cum
1506 1930 1657 1967 Venere

248 1999 506 2046 coniungatur
537 2012 651 2050 quam
683 2013 768 2037 cum
800 1999 1035 2037 matrimonii
1069 2000 1149 2036 dea.
1227 2002 1357 2049 Atque
1388 2002 1543 2035 exstant
1583 1997 1656 2033 duo

248 2067 323 2104 alia
353 2067 542 2115 exempla,
576 2067 716 2116 quibus
747 2066 839 2104 satis
871 2067 1156 2103 demonstretur
1187 2071 1342 2114 poetam
1371 2065 1557 2102 Umbrum
1581 2065 1657 2101 Ro-

249 2148 382 2172 manos
413 2136 504 2172 deos
535 2147 604 2183 pro
629 2134 860 2171 Graecorum
890 2135 1114 2172 numinibus
1142 2134 1363 2171 inseruisse.
1425 2136 1553 2182 Atque
1581 2131 1657 2180 pri-

249 2217 353 2240 mum
386 2203 540 2254 quidem
572 2202 612 2238 in
643 2202 768 2250 prima
797 2214 911 2239 scena
948 2209 1056 2240 actus
1086 2203 1191 2240 tertii
1222 2201 1477 2238 Terentianae
1509 2213 1658 2237 comoe-

249 2271 334 2307 diae
367 2270 535 2307 Andriae
568 2269 789 2319 Glycerium
832 2270 926 2307 haec
962 2270 1082 2306 verba
1123 2269 1237 2306 facit:
1287 2270 1384 2305 Iuno
1417 2268 1564 2304 Lucina
1599 2268 1659 2303 fer

249 2351 383 2386 opem,
425 2350 536 2375 serva
566 2350 649 2383 me,
691 2342 729 2374 te
771 2350 949 2385 opsecro,-
989 2338 1034 2374 ad
1073 2349 1186 2387 quem
1218 2348 1371 2374 versum
1402 2335 1576 2372 Donatus
1616 2335 1658 2370 in

344 2459 374 2499 1)
399 2461 493 2490 Miles
518 2461 677 2498 gloriosus
702 2470 766 2490 non
792 2461 891 2490 semel
917 2469 988 2489 cum
1013 2460 1115 2488 Marte
1140 2462 1361 2496 comparatur,
1390 2458 1474 2495 quod
1500 2457 1658 2487 evincitur

249 2527 286 2547 ex
312 2517 416 2555 prima
441 2527 537 2546 scena
561 2516 671 2546 Militis
697 2516 849 2555 gloriosi,
887 2525 967 2553 quae
992 2516 1087 2544 etiam
1123 2515 1151 2544 ei
1186 2514 1230 2543 rei
1255 2520 1303 2543 est
1328 2514 1530 2549 testimonio,
1566 2514 1658 2547 illum

248 2575 384 2604 Martem
402 2574 536 2603 eundem
562 2583 632 2603 esse
651 2577 746 2611 atque
765 2575 863 2602 Arem
883 2571 1090 2608 Graecorum,
1117 2581 1190 2600 nam
1215 2574 1314 2600 totam
1332 2580 1460 2600 scenam
1485 2571 1517 2599 in
1535 2569 1659 2599 Graeca

250 2631 378 2660 officina
402 2630 591 2659 fabricatam
630 2639 699 2659 esse
723 2639 833 2658 omnes
859 2629 1037 2658 concedunt
1061 2632 1193 2666 propter
1218 2627 1467 2656 familiaritatem
1491 2635 1562 2655 cum
1586 2626 1657 2654 Ari-

250 2687 354 2725 stoph.
381 2696 472 2725 vesp.
500 2690 595 2724 atque
620 2687 704 2715 Plut.
730 2694 828 2715 scena
851 2685 965 2723 prima.
