1857 3089
738 185 1018 225 -31—

170 295 248 320 non
280 283 383 331 fugit
412 285 623 323 Herculem
656 287 757 335 apud
781 286 948 324 Graecos
978 290 1141 334 propter
1170 286 1422 337 πολυφαγίαν
1452 289 1589 326 cohae-

169 363 255 387 rere
285 363 371 387 cum
404 364 525 389 coena
555 356 594 390 et
623 353 948 400 commissatione‚
979 366 1068 390 nam
1100 355 1203 402 apud
1234 354 1444 392 Pindarum
1477 356 1590 404 (frag.

176 420 262 454 150.
305 418 363 455 ed.
412 419 613 468 Boeckh.)‚
663 421 837 469 Euripid.
879 420 1027 458 Alcest.
1079 420 1156 458 747
1211 434 1311 471 eqs,
1362 422 1441 459 785
1497 434 1589 473 eqs.,

169 484 422 533 Aristophan.
464 486 670 536 Lysistrat.
713 490 792 523 928
835 487 900 536 (cf.
945 488 1066 525 schol.
1114 489 1161 525 ad
1193 489 1231 526 h.
1263 489 1303 536 1.)
1347 490 1492 526 Athen.
1536 489 1589 527 X.

168 551 251 600 (pg.
285 555 361 589 411
399 553 496 604 eqs.)
537 555 583 591 de
622 554 694 591 hac
731 567 774 591 re
816 554 959 592 certior
998 554 1083 592 fieri
1114 559 1238 604 potes.
1304 555 1378 593 Sed
1409 557 1482 593 1100
1513 557 1591 593 for-

167 622 269 656 tasse
300 633 378 656 non
410 621 574 658 multum
604 621 710 659 valet
749 622 795 657 ad
827 621 1078 659 tribuendum
1120 623 1224 659 hunc
1254 635 1410 660 versum
1443 623 1588 661 Graeco

167 690 318 734 poetae.
381 687 492 727 Quod
515 687 609 724 mihi
634 688 906 735 gravissimum
939 701 1022 726 esse
1053 690 1220 736 videtur,
1253 689 1390 728 Graeci
1421 691 1590 728 artifices

168 767 244 790 11011
289 754 407 790 semel
454 754 656 792 finxerunt
697 755 907 793 Herculem
955 757 1105 793 ebrium
1147 757 1209 805 (cf.
1243 757 1439 795 Welcker.
1484 759 1589 796 Mon.

167 824 245 858 ant.
279 825 314 867 3,
347 824 439 858 415.
473 822 570 872 416)
602 823 737 860 eodem
769 823 953 870 consilio,
997 838 1074 875 quo
1106 825 1305 874 Lysippus
1337 824 1403 861 ille
1435 830 1590 873 compo-

166 888 243 924 suit
274 900 359 925 eum
392 889 624 935 Herculem,
670 891 729 927 cui
764 904 980 939 cognomen
1013 892 1185 929 additum
1219 895 1278 929 est
1309 889 1590 941 ἐπιτραπέζιος,

168 960 210 992 ut
251 960 352 993 esset
392 956 433 993 111
465 961 664 995 exstructa
706 958 840 995 tabula
879 959 989 1007 quasi
1031 959 1124 996 deus
1167 959 1378 996 ebrietatis.
1447 960 1590 1010 Itaque

166 1023 240 1059 1100
270 1036 388 1060 versu
418 1025 611 1072 parasitus
643 1025 742 1062 nihil
773 1025 877 1062 aliud
909 1025 1004 1063 dicit
1034 1026 1108 1063 nisi
1140 1027 1236 1064 hoc:
1277 1039 1364 1064 cum
1394 1027 1589 1075 parasitus

166 1090 237 1126 sim
268 1094 385 1141 atque
417 1104 571 1140 semper
611 1093 786 1130 studeam
827 1090 1031 1142 τραπέζαις
1071 1094 1317 1139 accumbere,
1364 1093 1403 1130 id
1446 1107 1589 1131 numen

165 1158 327 1204 invoco,
371 1159 473 1208 quod
506 1159 615 1209 quasi
657 1172 742 1196 mea
781 1160 918 1197 nutrix
958 1160 1153 1208 signifieat
1198 1162 1312 1197 deum
1351 1161 1481 1208 illum,
1524 1162 1590 1211 qui

165 1230 297 1263 tuetur
326 1225 413 1262 illas
443 1223 651 1275 τραπέζας;
683 1230 802 1277 atque
832 1227 866 1264 is
897 1236 956 1266 est
984 1222 1176 1277 Ἡρακλῆς
1207 1225 1486 1278 ἔπιτραπέζιος.

279 1293 464 1331 Versibus
497 1297 720 1330 392—393
755 1294 863 1343 Lyco
896 1294 983 1332 leno
1017 1295 1288 1333 Curculienem
1321 1296 1486 1334 salutat:

165 1361 209 1399 L.
284 1361 460 1398 Unocule
492 1360 618 1399 salve!
678 1361 718 1398 C.
753 1361 906 1401 Quaeso
940 1363 1144 1400 deridesne
1175 1362 1262 1400 me?

276 1429 335 1466 De
367 1428 557 1466 Coclitum
589 1429 771 1479 prosapia
801 1433 838 1468 te
871 1443 954 1467 esse
986 1431 1180 1468 arbitror:

279 1497 378 1532 Nam
410 1496 445 1533 01
486 1500 577 1534 sunt
607 1497 776 1534 unoculi.
837 1498 878 1535 C.
910 1498 1117 1547 Catapulta
1147 1499 1222 1535 hoc
1252 1498 1411 1536 ictumst
1440 1500 1534 1536 mihi
1558 1497 1572 1552 ΙΙ

550 1565 652 1613 apud
690 1565 909 1615 Sicyonem.

168 1635 309 1672 Posset
350 1631 492 1682 aliquis
536 1632 729 1679 cogitare,
776 1633 990 1680 significari
1022 1633 1215 1671 Coclitum
1256 1635 1441 1684 prosapia
1483 1635 1590 1672 illam

169 1701 428 1739 Horatianam
461 1700 645 1749 stirpem,
694 1700 803 1737 cuius
835 1704 971 1738 auctor
1011 1701 1052 1737 in
1092 1706 1214 1751 ponte
1245 1701 1418 1738 Sublicio
1451 1703 1584 1740 defen-

171 1769 300 1806 dendo
332 1767 570 1805 clarissimus
601 1767 778 1804 redditus
810 1772 880 1805 est.
941 1768 1015 1805 Sed
1048 1768 1079 1804 si
1111 1770 1187 1806 hoc
1219 1772 1432 1818 spectasset
1461 1775 1589 1820 poeta,

171 1840 276 1874 certe
308 1849 386 1873 non
419 1835 603 1873 dixisset:
649 1835 715 1886 qui
759 1840 849 1872 sunt
890 1835 1071 1881 unoculi,
1118 1848 1208 1872 nam
1248 1836 1317 1873 illa
1354 1851 1449 1884 gens
1490 1851 1589 1889 quae

169 1905 329 1950 fuisset,
370 1902 463 1940 satis
496 1907 630 1940 notum
663 1907 746 1941 erat
779 1903 985 1948 Romanis3
1018 1907 1223 1952 praeterea
1254 1904 1388 1941 Cocles
1419 1919 1497 1942 non
1530 1909 1590 1942 est

170 1971 405 2011 vocabulum
434 1970 601 2008 Latinae
640 1970 815 2018 originis.
875 1972 980 2018 Ergo
1011 1971 1089 2007 iam
1120 1971 1340 2018 Scaligerus
1372 1972 1469 2009 duce
1500 1973 1588 2010 Ser-

173 2040 238 2078 vio
270 2039 318 2076 ad
339 2041 437 2076 Aen.
459 2038 573 2076 VIII.
599 2042 702 2076 640:
732 2038 862 2076 luscos
895 2038 1052 2076 coclites
1084 2038 1270 2076 dixerunt
1301 2039 1455 2090 antiqui
1486 2041 1589 2077 unde

173 2111 212 2144 et
242 2106 433 2157 Cyclopas
466 2105 624 2143 coclites
655 2106 821 2153 legimus
853 2106 1000 2152 dictos,
1048 2106 1150 2156 quod
1183 2119 1304 2144 unum
1335 2107 1490 2144 oculum
1522 2108 1588 2145 ha-

168 2175 299 2211 buisse
341 2173 546 2212 videntur:
588 2176 694 2211 recte
735 2173 1031 2220 demonstravit,
1064 2174 1138 2211 hoc
1180 2173 1265 2211 1000
1305 2174 1392 2212 11105
1424 2175 1590 2212 Coclites

172 2255 256 2279 esse
292 2236 527 2285 Κύκλωπας,
559 2253 646 2278 011111
675 2241 735 2278 1111
766 2242 934 2278 fuissent
964 2241 1135 2288 unoculi,
1168 2242 1274 2292 quod
1305 2246 1410 2280 recte
1440 2242 1589 2280 iudica-

170 2314 254 2347 tum
285 2322 368 2346 esse
408 2321 488 2345 una
528 2320 615 2345 oum
645 2308 742 2347 viris
773 2309 897 2346 doctis
928 2308 1044 2346 facile
1076 2310 1262 2347 concedo.
1333 2309 1430 2347 Orta
1459 2315 1589 2348 autem

169 2380 229 2414 est
257 2376 325 2413 illa
357 2375 594 2424 comparatio
627 2389 676 2414 ex
706 2376 873 2414 historia
902 2377 1083 2423 fabulari,
1115 2376 1156 2413 in
1191 2389 1267 2427 qua
1299 2377 1488 2426 Cyclopes
1520 2392 1591 2415 un-

171 2444 303 2482 oculos
332 2444 453 2481 fuisse
485 2456 535 2480 ex
566 2443 734 2494 Odyssia
765 2444 859 2481 satis
890 2448 1054 2482 constat.
1116 2446 1162 2482 cf.
1194 2449 1399 2495 praeterea
1429 2458 1479 2482 ex
1500 2446 1592 2483 Cra-

168 2511 241 2548 tini
268 2507 490 2554 Ὀδυσσέως
518 2511 657 2558 fragm.
688 2512 790 2560 apud
812 2512 999 2562 Prynich.
1021 2511 1102 2549 Ecl.
1125 2515 1194 2550 att.
1217 2527 1253 2562 p.
1282 2515 1356 2549 136
1380 2512 1514 2558 (Mein.
1536 2513 1590 2550 II.

169 2591 233 2627 pg.
263 2577 367 2626 100.)
391 2572 700 2625 Μονόφθαλμον
722 2575 769 2614 οὐ
793 2577 943 2627 ῥητέον,
967 2575 1263 2628 ἑτερόφθαλμον
1285 2576 1325 2616 δὲ
1358 2609 1363 2615 .
1399 2580 1593 2628 Κρατῖνος

169 2641 241 2696 γάρ
271 2640 494 2693 μονόματον
525 2638 677 2681 εἴπετόν
702 2641 912 2684 Κύκλωπα.
961 2647 1120 2695 Spectat
1140 2660 1232 2685 vero
1266 2651 1350 2683 tota.
1370 2660 1432 2684 res
1454 2647 1501 2683 ad
1524 2648 1589 2684 ob-
