1857 3089
815 189 1093 231 -52—

363 292 569 331 Praecedit
596 292 663 330 hic
693 306 850 331 versus:

450 360 594 405 sciunt,
628 360 718 411 quid
749 361 790 397 in
821 373 953 397 aurem
985 373 1055 397 rex
1085 359 1244 406 reginae
1275 359 1431 397 dixerit.

248 428 457 466 Invehitur
488 427 761 475 Megaronides
791 428 830 464 in
865 441 941 474 eos,
975 427 1040 477 qui
1074 426 1206 463 omnia
1236 439 1275 463 se
1307 426 1404 463 scire
1435 430 1585 475 putant,
1620 430 1657 463 et

248 499 460 541 enumerat,
495 507 592 545 quae
622 494 680 531 illi
712 508 751 531 se
783 495 880 533 scire
912 498 1134 531 autument:
1178 493 1345 542 primum
1390 493 1481 544 quid
1513 494 1657 541 singuii

247 562 411 608 faciant,
442 566 525 599 tum
556 562 649 612 quid
680 575 749 599 rex
780 563 958 609 reginae,
993 561 1084 612 quid
1116 561 1296 610 Iuppiter
1326 560 1468 597 Iunoni
1502 561 1656 607 dixerit,

251 629 422 680 denique
445 629 537 679 quid
561 642 687 680 neque
719 629 770 666 sit
798 642 924 680 neque
951 630 1126 665 futurum
1157 628 1218 674 sit,
1249 629 1345 665 haec
1367 629 1498 665 omnia
1519 628 1659 665 sciunt.

251 699 382 748 Atque
413 698 487 734 hoc
517 697 602 734 loco
634 702 701 734 aut
734 710 869 735 versus
903 698 1005 733 207:

451 764 602 809 sciunt,
635 765 727 815 quid
758 764 799 801 in
834 777 966 801 aurem
998 777 1069 801 rex
1099 763 1257 810 reginae
1290 763 1434 801 dixerit

246 836 304 869 est
335 832 601 881 dittographia
630 845 666 869 v.
702 835 804 868 208:

449 899 597 943 sciunt,
630 899 732 949 quod
762 898 861 935 Iuno
896 898 1107 935 fabulatast
1138 911 1223 935 cum
1254 899 1349 936 Iove

252 971 320 1004 aut
350 967 549 1004 cuiusdam
580 966 675 1003 certi
707 965 914 1011 momenti,
955 965 1116 1002 tertium
1155 978 1232 1002 non
1275 966 1399 1002 datur.
1463 965 1660 1006 Quantum

248 1049 319 1083 ego
352 1035 508 1086 quidem
540 1034 674 1072 videre
705 1047 885 1082 possum,
930 1034 1049 1069 habet
1078 1032 1145 1069 ille
1177 1045 1311 1069 versus
1344 1033 1538 1082 quandam
1569 1032 1660 1077 vim,

251 1106 369 1153 atque
401 1102 574 1149 cogitare
605 1104 734 1150 potest
765 1100 908 1151 aliquis
940 1101 986 1138 de
1016 1113 1107 1147 rege
1140 1100 1346 1136 Persarum
1387 1105 1455 1137 aut
1494 1101 1540 1136 de
1571 1112 1662 1147 rege

247 1170 288 1206 in
321 1170 487 1207 historia
517 1168 684 1205 fabulari
726 1173 791 1205 aut
835 1169 880 1205 de
913 1173 1017 1205 certo
1051 1167 1217 1218 quodam
1247 1180 1339 1214 rege
1370 1191 1424 1194 —
1456 1168 1661 1205 Philemon

251 1238 354 1274 enim
384 1236 599 1274 Trinummi
634 1236 803 1273 Graecae
836 1240 951 1285 poeta
983 1231 1186 1284 ’Ἐμπορον
1217 1235 1387 1272 fabulam
1420 1236 1662 1285 conscripsit,

251 1318 337 1343 cum
360 1305 539 1342 Athenae
563 1303 604 1339 in
628 1306 860 1352 potestatem
884 1304 1082 1340 cuiusdam
1104 1303 1208 1350 regis
1231 1304 1412 1340 subactae
1435 1307 1556 1349 erant,
1589 1316 1664 1354 qua

249 1376 379 1410 aetate
400 1371 634 1410 vocabulum
666 1371 770 1418 regis
803 1372 1001 1408 cuiusdam
1033 1371 1218 1407 momenti
1252 1376 1346 1417 erat,
1378 1371 1401 1407 i.
1427 1384 1458 1408 e.
1489 1372 1537 1407 ab
1560 1384 1662 1408 anno

252 1444 329 1477 293
363 1453 485 1490 usque
517 1439 564 1475 ad
594 1451 627 1475 a.
652 1439 729 1475 287
754 1461 808 1465 —
839 1443 906 1475 aut
937 1439 1039 1489 quod
1072 1451 1142 1485 ego
1173 1440 1295 1488 probo
1328 1443 1445 1488 atque
1477 1439 1663 1475 confirmo

249 1509 296 1545 de
327 1520 418 1554 rege
441 1519 651 1544 sacrorum.
705 1507 805 1543 Nam
836 1507 901 1543 ubi
933 1506 972 1542 in
998 1505 1157 1543 Graecis
1189 1506 1444 1555 scriptoribus
1475 1520 1545 1544 rex
1577 1519 1663 1543 cum

250 1576 386 1622 regina
409 1575 640 1612 coniunctus
673 1577 741 1621 est,
778 1575 852 1611 hoc
882 1575 928 1611 ad
963 1574 1157 1610 neminem
1190 1577 1341 1622 spectat
1371 1574 1444 1610 nisi
1477 1575 1525 1611 ad
1555 1573 1663 1622 βασι-

250 1639 315 1679 λέα
347 1636 513 1691 ἄρχοντα
544 1639 609 1677 καὶ
641 1640 867 1690 βασίλινναν
900 1642 982 1678 eius
1013 1654 1200 1687 uxorem,
1233 1654 1330 1691 quae
1362 1643 1540 1679 sacerdos
1570 1642 1663 1680 Dio-

251 1710 340 1760 nysi
381 1722 467 1746 cum
498 1709 583 1746 viro
627 1709 739 1745 deum
781 1709 908 1747 colere
941 1710 1106 1746 debebat
1143 1709 1188 1745 cf.
1220 1708 1419 1746 Demosth.
1465 1723 1494 1747 c.
1526 1710 1663 1747 Neaer.

253 1779 317 1814 73.
361 1777 531 1826 Hesych.
576 1791 604 1816 s.
648 1790 683 1814 v.
716 1773 850 1826 γάμος.
928 1776 1172 1828 Quamquam
1214 1772 1394 1824 βασιλεύς
1433 1790 1541 1815 sacro
1587 1777 1663 1826 ipsi

256 1845 445 1882 interesse
469 1858 545 1881 non
569 1845 708 1894 potuit,
740 1849 870 1882 tamen
894 1858 979 1882 cum
1002 1849 1104 1882 esset
1135 1838 1263 1893 ἅρχων
1293 1840 1473 1891 βασιλεύς
1492 1845 1517 1881 i.
1541 1858 1572 1882 e.
1594 1858 1665 1882 rex

254 1913 427 1949 omnium
449 1913 691 1949 sacerdotum
714 1916 831 1963 atque
855 1908 1037 1962 γεραιρᾶς
1059 1912 1268 1948 adiutrices
1291 1912 1423 1948 uxoris
1445 1913 1490 1948 ad
1515 1925 1665 1950 sacrum

254 1980 536 2017 instituendum
571 1980 828 2017 constitueret
849 1981 914 2030 (ef.
938 1981 1108 2028 Hesych.
1142 1994 1170 2016 s.
1193 1993 1228 2017 v.
1252 1979 1420 2029 Etymol.
1443 1981 1545 2027 Mag.
1579 1994 1606 2017 s,
1629 1994 1665 2018 v.

254 2046 440 2098 γεραιραὶ.
492 2047 639 2084 Possue.
676 2048 784 2085 VIII.
823 2048 926 2096 108),
973 2061 1060 2084 eum
1101 2046 1299 2100 βασιλίνυῃ
1343 2047 1532 2094 edixisse,
1575 2047 1666 2098 quid

254 2117 382 2153 facere
424 2128 582 2152 necesse
623 2119 745 2162 esset,
789 2119 960 2153 statuere
1005 2129 1081 2152 non
1115 2118 1203 2162 eget
1243 2114 1408 2152 veritate
1453 2118 1570 2165 atque
1601 2128 1667 2152 ve-

256 2274 299 2302 Et
325 2283 382 2311 per
406 2273 589 2302 comoediae
616 2281 719 2301 novae
744 2272 867 2302 rivulos
905 2273 1027 2310 accepit
1051 2273 1183 2301 Plautus
1217 2277 1248 2301 et
1272 2273 1350 2301 alias
1375 2273 1549 2301 sententias
1574 2281 1668 2309 argu-

260 2334 308 2359 tas
335 2333 535 2358 vetustorum
560 2333 747 2366 poetarum,
773 2338 853 2366 quae
879 2329 970 2365 quasi
994 2330 1024 2357 in
1053 2329 1258 2366 proverbium
1285 2328 1440 2363 abierunt,
1465 2328 1549 2357 'sicut

418 2385 636 2414 Hesiodeum:
662 2381 777 2423 νήπιος
803 2378 839 2420 ὃς
864 2382 1023 2425 nigronum
1048 2381 1147 2416 λιπών
1173 2379 1328 2424 ἀνέτοιμα
1353 2382 1478 2416 διώκει.

420 2442 461 2471 cf.
487 2441 635 2470 Pseudol.
663 2442 745 2471 685:
771 2446 857 2470 certa
882 2442 1065 2470 amittimus.
1092 2441 1166 2469 dum
1191 2441 1312 2469 incerta
1337 2441 1483 2478 petimus.

297 2499 574 2536 Hipponecteum:
601 2493 651 2529 δυ’
670 2493 793 2537 ἡμέραι
810 2494 965 2537 γυναικός
983 2491 1214 2536 εἰσινῆδισται,
1232 2491 1308 2528 ὅταν
1325 2496 1418 2537 γαμῇ
1437 2495 1486 2532 τίς
1504 2495 1671 2539 κακφέρῃ.

333 2556 371 2584 cf.
398 2555 506 2584 Aulul.
536 2556 619 2584 154:
646 2563 726 2591 quae
753 2563 822 2583 cras
849 2554 968 2589 veniat,
994 2554 1145 2591 perendie
1169 2553 1255 2582 foras
1281 2553 1402 2582 feratur
1426 2553 1486 2593 (sil.
1515 2553 1637 2592 uxor.);

265 2612 489 2641 Pindaricum:
515 2609 568 2641 νῦν
595 2607 733 2650 ἔλπομαι
759 2607 827 2650 μὲν,
855 2607 885 2640 ἐν
912 2609 979 2651 Ξεῷ
1005 2619 1043 2650 γε
1069 2607 1131 2650 μὰν
1157 2607 1248 2645 τέλος

267 2669 309 2700 cs.
336 2668 483 2697 Bacchid.
514 2669 596 2696 144:
631 2670 739 2704 sperat
774 2666 901 2704 quidem
928 2667 1074 2701 animus,
1109 2676 1171 2703 quo
1197 2667 1325 2695 eveniat
1361 2666 1409 2694 dis
1444 2666 1476 2694 in
1513 2667 1671 2697 manibus.
