1857 3089
216 901 454 983 Quomodo
488 930 650 967 Plautus
683 929 966 968 comoediarum
999 935 1117 978 poeta
1147 930 1346 965 Romanus
1379 929 1548 965 Graecae

132 1012 231 1050 quae
261 1001 423 1035 vocatur
452 1010 577 1035 novae
609 997 830 1034 comoediae
862 997 1023 1042 fabulas,
1057 1009 1153 1046 quas
1185 1008 1225 1033 se
1257 1000 1430 1033 secutum
1465 1009 1548 1032 esse

128 1067 211 1115 ipse
242 1067 442 1115 professus
473 1070 548 1111 est,
592 1066 766 1103 imitatus
798 1065 868 1111 sit,
914 1077 1038 1114 usque
1081 1065 1127 1100 ad
1169 1068 1341 1100 nostram
1382 1068 1547 1101 aetatem

126 1138 187 1171 est
217 1134 265 1171 lis
296 1134 398 1170 inter
437 1133 542 1170 viros
584 1134 727 1170 doctos.
794 1133 878 1169 Jam
921 1132 1051 1180 priore
1093 1131 1208 1168 huius
1249 1131 1391 1168 saeculi
1435 1136 1548 1179 parte

128 1201 345 1250 Koepke1)
386 1200 622 1237 testimoniis
663 1206 838 1238 veterum
877 1200 1097 1237 criticorum
1140 1199 1329 1246 neglectis
1361 1199 1443 1235 sine
1476 1199 1549 1235 cri-

127 1271 205 1307 tica
234 1269 397 1314 ratione,
429 1272 473 1305 ut
503 1267 708 1305 Ritschelii
741 1268 873 1305 verbis
904 1273 1012 1312 utar,
1046 1267 1200 1311 statuit,
1239 1266 1367 1303 Plauti
1400 1280 1548 1303 comoe-

127 1337 210 1373 dias
241 1348 474 1386 quamquam
508 1335 547 1371 in
582 1336 697 1372 rebus
729 1340 766 1372 et
797 1335 961 1383 privatis
992 1340 1030 1371 et
1061 1334 1227 1383 publicis
1260 1334 1382 1381 magis
1414 1334 1547 1370 Graeci

126 1409 257 1441 essent
289 1404 430 1440 coloris
472 1417 586 1453 quam
620 1403 807 1449 Romani,
852 1408 979 1440 tamen
1024 1402 1079 1439 ita
1120 1402 1317 1438 confectas
1362 1414 1465 1447 esse,
1509 1406 1550 1438 ut

128 1473 374 1508 omitteretur
405 1471 443 1507 id
467 1472 570 1521 quod
592 1471 759 1520 perspici
794 1484 871 1507 non
904 1474 1037 1518 posset
1067 1483 1088 1506 a
1110 1469 1308 1514 Romanis,
1343 1473 1385 1505 ut
1416 1476 1551 1507 contra

128 1539 367 1576 insereretur
405 1538 443 1574 id
486 1540 587 1589 quod
613 1539 824 1576 delectaret
855 1552 921 1575 cos
953 1538 1019 1588 qui
1053 1537 1244 1574 audirent.
1309 1536 1433 1576 Quam
1466 1537 1548 1585 opi-

133 1607 288 1643 nionem
332 1606 473 1655 partim
513 1606 662 1654 excipit
693 1606 951 1652 Ritschelius‚
996 1619 1080 1643 cum
1112 1606 1151 1641 in
1184 1617 1376 1653 parergon
1409 1608 1549 1642 tracta-

131 1674 238 1711 tione
269 1673 472 1711 confirmet
493 1674 672 1711 Plautum
707 1688 783 1711 non
817 1675 979 1711 verbum
1012 1674 1058 1710 de
1089 1674 1209 1711 verbo
1231 1685 1460 1721 expressum
1484 1686 1550 1709 ex-

131 1742 286 1786 tulisse,
319 1742 384 1778 sed
407 1754 556 1778 summa
576 1742 736 1779 licentia
758 1755 867 1778 usum
900 1754 982 1778 esse
1014 1741 1054 1778 in
1085 1741 1274 1778 vertendo
1298 1739 1463 1778 Graecas
1495 1742 1550 1778 fa-

128 1809 249 1855 bulas,
283 1814 399 1860 atque
422 1810 494 1846 hoc
525 1810 600 1846 iam
623 1810 713 1847 inde
737 1823 924 1858 apparere
949 1810 1051 1859 quod
1075 1809 1140 1845 ille
1163 1821 1316 1857 semper
1338 1822 1551 1858 usurpave-

129 1876 181 1913 rit
226 1876 361 1914 titulos
392 1877 554 1914 Latinos
597 1890 724 1927 neque
765 1890 948 1928 umquam
991 1880 1034 1914 ut
1064 1876 1269 1913 Terentius
1303 1876 1450 1914 Graeca
1481 1891 1550 1914 no-

131 1944 236 1981 mina
266 1945 328 1982 vel
350 1945 538 1983 voeabula
559 1945 703 1982 fabulis
726 1945 1071 1993 praeposuerit2);
1103 1945 1143 1981 in
1176 1957 1292 1994 quam
1316 1946 1550 1982 sententiam

127 2012 242 2048 etiam
296 2012 406 2050 multi
449 2013 512 2049 alii
555 2013 630 2050 viri
685 2012 790 2050 docti
807 2013 843 2062 3)
900 2013 1055 2050 adducti
1097 2017 1199 2050 sunt.
1279 2013 1417 2062 Neque
1457 2027 1550 2051 vero

127 2080 268 2117 desunt
298 2080 364 2129 qui
407 2093 477 2128 pro
509 2084 614 2117 certo
647 2080 845 2118 affirment
876 2080 1057 2118 Plautum
1090 2080 1257 2127 vestigia.
1288 2080 1457 2118 Graecae
1489 2095 1550 2117 co-

127 2146 301 2183 moediae
330 2148 386 2185 ita
407 2147 605 2196 pressisse,
637 2152 681 2186 ut
711 2148 827 2185 etiam
860 2161 931 2185 nos
954 2148 1153 2185 nonnullis
1174 2148 1404 2196 fragmentis
1427 2162 1551 2187 novae

221 2304 251 2343 1)
287 2304 326 2333 cf.
354 2304 484 2342 Koepki
510 2304 688 2334 dissertat.:
726 2304 836 2334 Ueber
872 2305 923 2334 die
959 2305 1019 2334 den
1057 2303 1247 2343 Originalen
1280 2306 1547 2343 nachgebildeten

127 2362 206 2389 ro'm.
232 2360 426 2398 Lustspiele.
475 2361 661 2390 Zeitschrist
686 2362 737 2390 fiir
755 2362 1185 2391 Alterthumswissenschaft
1212 2363 1296 2392 1835
1325 2372 1353 2400 pl
1377 2364 1460 2392 1226
1481 2373 1547 2401 eqs.

220 2415 251 2459 2)
280 2417 319 2445 cf.
342 2426 468 2455 parerg.
493 2426 546 2455 pg.
567 2419 629 2447 145
656 2418 813 2456 adnotat.‚
839 2428 892 2457 pg.
911 2419 973 2448 277
994 2427 1076 2455 sqq.,
1102 2418 1260 2448 Ribbeck.
1288 2419 1361 2448 libr.
1383 2419 1421 2448 de
1439 2420 1546 2449 Fried.

128 2473 293 2502 Ritschelii
319 2473 387 2502 vita
412 2474 442 2501 11
467 2482 520 2511 pg.
549 2476 622 2512 105,
651 2474 786 2503 Becker.
812 2474 973 2503 vindiciae
999 2475 1184 2504 comoediae
1210 2476 1394 2513 Romanae3
1421 2476 1459 2505 cf.
1489 2477 1548 2505 La-

127 2529 240 2566 dewig.
266 2529 305 2558 de
330 2530 469 2559 Volcatii
495 2529 628 2568 Sedigiti
654 2540 788 2567 canone,
814 2541 923 2569 progr.
951 2531 1156 2561 Neostrelitz.
1185 2532 1280 2561 1842.

219 2585 254 2623 3)
288 2592 321 2614 ut
345 2587 426 2615 alios
452 2587 615 2622 omittam,
654 2587 692 2616 de
718 2588 865 2625 Bagnato
901 2588 933 2616 in
970 2591 1211 2625 programmate
1245 2588 1435 2626 Eliingiensi
1472 2591 1546 2619 anni

131 2641 215 2670 1878
242 2640 280 2669 de
306 2641 366 2670 hac
384 2651 417 2671 re
442 2643 525 2680 egit:
550 2643 682 2672 Plautus
701 2643 732 2672 in
751 2644 872 2672 seinem
892 2643 1097 2674 Verhaltniss
1124 2653 1163 2673 zu
1189 2644 1300 2674 seinen
1327 2645 1447 2682 griech.
1476 2646 1548 2675 Ori-

127 2697 269 2735 ginalen.

1257 2762 1272 2794 l
