1857 3089
240 291 426 336 minasse,
471 291 573 340 quod
603 290 689 328 vult
718 290 936 336 Prellerus,
979 291 1045 327 sed
1074 304 1144 339 pro
1178 291 1408 329 Graecorum
1441 291 1657 341 gryphibus

239 358 367 406 picum
404 357 587 394 Latinum
617 358 838 404 inseruisse,
871 370 947 408 qua
987 358 1137 395 ratione
1168 371 1246 395 nou
1291 359 1410 396 semel
1450 372 1541 395 usus
1587 362 1655 395 est.

241 424 401 462 Accedit
431 425 534 474 quod
551 425 624 461 hoc
654 423 738 461 loco
768 425 877 473 picus
898 438 977 461 non
1007 425 1039 461 is
1071 429 1138 471 est,
1172 425 1238 475 qui
1260 426 1556 462 thensaurorum
1588 425 1655 462 ubi

241 492 291 529 sit
322 491 429 529 locus
461 492 567 538 sciat,
600 493 666 528 sed
697 491 763 542 qui
785 493 1036 529 thensaurum
1069 492 1259 530 custodiat
1289 505 1394 529 more
1427 492 1657 530 Graecorum

240 571 416 608 grypum.
470 558 583 598 Quod
612 559 688 595 iam
709 564 862 597 veteres
890 560 1183 606 intellexerunt,
1215 572 1302 596 nam
1325 561 1424 597 Non.
1447 573 1484 608 p.
1511 563 1586 597 152
1610 572 1660 597 ex

241 626 517 663 commentario
549 627 715 676 quodam
749 627 972 664 Aululariae
1004 628 1171 675 profert:
1203 627 1316 664 Picos
1345 630 1498 664 veteres
1527 626 1659 664 volue-

240 696 332 730 runt
362 705 465 739 esse,
507 706 603 743 quos
635 693 770 731 Graeci
803 707 944 742 grypas
973 694 1183 742 appellant.
1244 699 1282 731 et
1321 694 1378 730 illi
1410 706 1552 743 grypes
1581 706 1661 730 non

241 760 361 796 semel
390 760 681 808 coniunguntur
705 774 791 797 cum
817 762 942 798 aureis
970 763 1176 799 montibus.
1204 762 1249 798 cf.
1277 762 1466 798 Herodot.
1494 761 1560 799 IV.
1589 763 1661 798 13:

237 822 437 875 Ἀριστέης
477 855 485 863 .
509 856 515 863 .
540 856 547 863 .
571 858 579 866 .
619 822 715 877 ὑπὲρ
742 823 998 876 Ἀριμασπῶν
1038 857 1202 867 ......
1241 826 1363 865 οἰκεῖν
1404 824 1494 871 τούς
1525 838 1661 876 χρυσο-

242 889 419 940 φύλακας
450 895 615 944 γρῦπας.
659 895 705 933 cf.
736 898 938 943 praeterea
977 895 1053 932 III.
1089 898 1179 932 116.
1224 899 1340 946 atque
1373 895 1590 944 Aeschylus
1621 895 1661 931 in

245 961 467 999 Promethei
499 976 538 1000 v.
571 965 648 998 805
681 962 860 1000 meminit
890 963 1074 1012 γρυπώνε

478 1024 720 1078 ὀξυστόμους
749 1024 820 1080 γάρ
857 1025 985 1078 Ζηνός
1016 1026 1220 1080 ἀκλαγγεῖς
1250 1025 1370 1073 κύνας

477 1097 626 1147 γρῦπας
657 1093 837 1144 φύλαξαι,
863 1092 930 1134 τόν
960 1110 998 1134 τε
1029 1098 1222 1145 μουνῶπα
1253 1093 1415 1147 στρατόν

470 1160 714 1214 Ἀριμασπὸν
745 1159 997 1213 ἱπποβάμον’,
1031 1164 1071 1202 οἳ
1100 1160 1366 1215 χρυσόρρυτον

481 1229 658 1268 οἰκοῦσιν
688 1245 769 1283 eqs.

249 1300 389 1336 deinde
424 1299 572 1337 Ctesias
602 1301 704 1348 apud
736 1300 849 1339 Phot.
884 1301 947 1337 72.
984 1304 1033 1337 69
1067 1300 1140 1349 (ed.
1172 1300 1315 1349 Bekk.)
1356 1306 1546 1338 memorat
1575 1301 1667 1350 γρῦ-

249 1381 344 1412 πας,
387 1368 453 1404 ubi
486 1364 573 1416 περὶ
615 1368 775 1416 γρυπῶν
818 1365 881 1404 καὶ
915 1363 1095 1418 ἀργυρῶν
1127 1364 1232 1416 ὀρῶν
1265 1368 1428 1405 disserit.
1489 1369 1668 1405 Ceterum

250 1435 353 1485 quod
375 1435 485 1485 quasi
517 1435 739 1483 exemplum
768 1435 900 1473 divitis
930 1436 1100 1472 hominis
1131 1436 1328 1483 profertur
1357 1448 1428 1472 rex
1450 1434 1668 1482 Philippus,

247 1502 286 1537 id
318 1503 508 1550 repetitur
537 1503 578 1540 in
612 1503 718 1540 Pers.
751 1506 851 1541 339:

453 1570 593 1607 mirum
627 1571 722 1621 quin
754 1571 856 1618 regis
887 1571 1062 1618 Philippi
1094 1583 1208 1608 causa
1237 1576 1305 1608 aut
1334 1571 1457 1609 Attali

453 1637 505 1675 Te
534 1638 664 1687 potius
685 1639 849 1676 vendam
882 1651 995 1689 quam
1028 1651 1122 1684 mea,
1156 1651 1254 1689 quae
1285 1638 1337 1675 sis
1368 1651 1463 1675 mea.

363 1705 402 1742 Is
433 1709 561 1743 autem
582 1706 801 1754 Philippus,
835 1710 1022 1756 quantum
1054 1718 1123 1753 ego
1156 1706 1312 1756 quidem
1334 1707 1466 1743 videre
1497 1719 1665 1754 possum,

251 1777 334 1810 erat
377 1772 585 1821 Philippus
628 1774 810 1819 Macedo,
854 1780 964 1821 pater
1007 1773 1242 1820 Alexandri,
1287 1774 1353 1823 qui
1399 1774 1576 1824 quamvis
1620 1774 1667 1810 ab

255 1840 563 1877 Atheniensibus
584 1841 698 1877 modo
729 1841 915 1890 parvulus
945 1853 1016 1877 rex
1038 1842 1317 1887 aestimaretur,
1348 1845 1477 1878 tamen
1509 1846 1670 1889 propter

252 1907 409 1945 divitias
440 1912 556 1945 notus
586 1914 688 1954 erat,
729 1908 831 1958 quod
865 1907 1022 1956 colligas
1053 1908 1170 1945 velim
1202 1922 1251 1945 ex
1280 1908 1464 1945 Isocratis
1494 1907 1668 1956 Philippi

253 1987 310 2022 cp.
346 1977 379 2019 5,
428 1977 496 2012 15:
537 1970 637 2023 πρὸς
668 1971 709 2011 δὲ
751 1971 902 2018 τούτοις
947 1973 1009 2011 καὶ
1043 1976 1212 2011 πλοῦτον
1244 1973 1311 2012 καὶ
1342 1971 1506 2023 δύναμιν
1537 1988 1670 2022 κεκτη-

253 2039 390 2090 μένον,
432 2036 528 2090 ὅσην
560 2037 689 2086 οὐδεὶς
722 2043 797 2078 τῶν
825 2037 1028 2090 Ἑλλήνων,
1061 2036 1086 2079 ὃ
1117 2038 1218 2090 μόνα
1249 2043 1324 2079 τῶν
1353 2038 1476 2079 ὄντων
1497 2041 1562 2079 καὶ
1591 2043 1672 2079 πεί-

254 2111 343 2145 θειν
382 2106 447 2145 καὶ
489 2105 694 2156 βιάζεσθαι
737 2106 923 2156 πέφυκεν.
985 2111 1086 2157 Ergo
1128 2110 1203 2147 nisi
1247 2111 1377 2147 omnia
1418 2124 1478 2148 me
1520 2111 1672 2156 fallunt,

254 2180 360 2214 totus
390 2176 497 2214 locus
528 2177 733 2214 Plautinus
763 2177 914 2214 redolet
945 2177 1128 2214 Graecam
1162 2178 1368 2216 officinam.

372 2311 648 2349 Asinariae
688 2325 723 2350 v.
768 2315 846 2348 405
894 2312 1067 2349 Libanus
1109 2313 1313 2350 mercatori
1367 2313 1567 2362 quaeranti
1611 2313 1675 2349 de-

261 2378 432 2416 scribens
461 2379 671 2415 atriensem
701 2380 831 2423 subito,
861 2379 1063 2425 exclamat,
1096 2392 1180 2416 cum
1212 2379 1393 2416 Sauream
1424 2380 1541 2417 vidit:

319 2449 450 2495 Atque
479 2446 611 2482 hercle
642 2446 769 2494 ipsum
801 2447 894 2483 adeo
927 2452 1134 2491 contueor,
1180 2447 1344 2484 cassanti
1376 2447 1502 2495 capite
1532 2448 1678 2485 incedit

321 2513 507 2562 Quisquis
538 2513 691 2551 obviam
722 2514 814 2550 huic
844 2513 1050 2550 occesserit
1079 2513 1190 2559 irato,
1221 2514 1436 2562 vapulabit.

265 2581 336 2618 Cui
366 2584 576 2617 mercator:
621 2580 658 2616 Si
693 2581 847 2630 quidem
889 2580 1019 2617 hercle
1062 2581 1284 2617 Aeacidinis
1316 2583 1431 2619 minis
1461 2583 1677 2634 animisque

265 2648 445 2697 expletus
475 2648 587 2694 cedit,
