1857 3089
711 207 992 247 *17-

256 307 342 348 Qua
362 307 403 344 in
435 307 697 355 descriptione
726 308 827 346 ludit
847 308 985 345 Euclio
1006 308 1208 354 trifariam,
1241 307 1472 357 Geryonem,
1494 311 1566 345 Ar-

144 389 234 423 gum
255 375 322 412 Ius
344 375 553 420 custodem,
587 375 898 413 Corinthiensem
920 376 1080 412 fontem.
1123 378 1254 426 Atque
1276 376 1391 426 coqui
1415 387 1567 423 compa-

142 445 277 479 rantur
307 455 392 478 cum
417 442 608 492 Geryone,
632 443 736 493 quod
760 443 871 493 quasi
893 447 1065 481 monstra
1087 455 1157 480 sex
1177 443 1358 479 manibus
1379 443 1569 480 instructa

144 509 283 546 multas
304 522 365 546 res
397 510 548 546 auferre
576 514 751 558 possunt.
802 510 1022 561 Geryonem
1053 510 1173 547 fuisse
1195 513 1411 548 monstrum
1433 504 1569 559 τρισώ-

145 589 266 625 ματον
297 577 390 613 satis
412 580 547 614 notum
579 582 648 624 est,
682 578 727 615 cf.
759 578 894 625 fragm.
921 577 1107 627 Aeschyli
1139 578 1186 614 ab
1209 576 1512 615 Wilamowitzio
1533 577 1568 626 1)

144 656 194 680 ex
225 644 383 681 scholiis
413 645 547 693 Eurip.
580 645 700 682 Rhesi
732 645 832 695 (cod.
864 645 1000 694 Mare.)
1031 644 1200 682 feliciter
1228 644 1476 692 indagatum:

996 709 1149 749 ἐκεῖθεν

311 774 478 829 ὄρμενος
508 774 740 829 ὀρθόκερως
771 778 870 828 βοῦς
898 774 1009 828 ἥλασ’
1047 774 1111 816 ἄπ’
1145 774 1314 828 ἐσχάτων

318 842 432 897 γάιας
463 842 636 884 ὠκεανὸν
666 842 838 899 περάσας
870 845 910 885 ἒν
941 844 1054 884 δέπαι
1083 842 1326 898 χρυσηλάτῳ,

321 911 493 965 βοτῆρας
522 911 549 951 τ’
585 911 753 959 ἀδίκους
783 913 926 952 ἔκτεινε
957 910 1148 962 δεσπότην
1179 927 1216 951 τε
1247 913 1404 965 τρίζυγα

317 979 386 1019 τόν
415 982 502 1033 τρία
533 979 632 1033 δόρη
663 979 857 1020 πάλλοντα
888 979 1004 1032 χερσὶ,
1037 982 1121 1033 τρία
1153 976 1185 1018 δ’
1218 982 1402 1017 ΙΑΤΗΣ

318 1046 420 1099 σάκη
451 1051 667 1101 προτείνων
697 1052 798 1099 τρεῖς
829 1045 858 1086 τ’
890 1048 1094 1088 ἐπισσείων
1124 1045 1274 1096 λόφους

318 1114 450 1166 ἔστειχ’
487 1111 570 1162 ἶσος
590 1113 699 1168 ’Ἀρει
729 1117 818 1167 βίαν
850 1147 858 1156 .
882 1148 889 1155 .
913 1147 921 1156 .

152 1187 290 1224 deinde
322 1186 456 1224 confer
488 1186 670 1236 Aeschyl.
701 1188 838 1234 Agam.
872 1186 973 1224 870:

355 1251 389 1290 εἰ
419 1251 454 1290 δ’
492 1245 541 1302 ἦν
571 1249 785 1302 τεθνηκώς,
818 1248 871 1297 ὥς
902 1248 1104 1302 ἐπλήθυον
1130 1249 1251 1304 λόγοι,

353 1317 596 1372 τρισώματός
625 1316 695 1358 τᾶν
726 1317 895 1372 Γηρύων
927 1316 949 1359 ὁ
979 1316 1158 1372 δεύτερος
1188 1334 1269 1372 eqs.

151 1391 198 1428 cf.
229 1390 365 1439 Eurip.
396 1390 554 1428 Hercul.
589 1393 693 1428 424:

361 1452 428 1495 τόν
460 1452 704 1509 τρισώματον
735 1451 836 1494 οἷσιν
867 1454 958 1494 ἕκτα
990 1450 1122 1507 βοτῆρ’
1152 1451 1370 1506 Ἐρυθείας.

154 1526 294 1563 deinde
325 1526 373 1565 cf.
406 1527 607 1575 Aristoph.
653 1526 693 1562 in
725 1526 893 1563 Acharn.
931 1528 1060 1562 1082:
1105 1519 1235 1573 βούλει
1277 1519 1472 1573 μάχεσθαι
1506 1526 1581 1574 Γη-

155 1590 278 1648 ρυόνῃ
300 1594 534 1646 τετραπτίλῳ
551 1598 590 1632 et
606 1594 724 1632 schol.
746 1594 793 1630 ad
811 1594 848 1631 h.
871 1593 916 1631 l.:
937 1587 960 1630 ὅ
980 1588 1052 1643 γαρ
1073 1587 1292 1642 Γηρυόνης,
1317 1583 1364 1629 οὗ
1387 1589 1579 1643 ἐμνήσθη,

156 1660 387 1711 τρικέφαλος
419 1675 500 1712 eqs.
531 1666 613 1700 tum
645 1662 852 1710 Ephippus
883 1661 1052 1699 comicus
1084 1660 1253 1698 Graecus
1284 1661 1441 1709 scripsit
1470 1661 1582 1698 fabu-

157 1730 233 1767 lam
267 1726 487 1781 Γηρυόνην.
548 1730 729 1781 Denique
762 1729 961 1778 Geryones
1005 1728 1130 1780 qualis
1172 1729 1246 1766 hoc
1277 1729 1361 1766 loco
1396 1728 1583 1765 describi-

159 1802 233 1844 tur,
275 1803 389 1836 notus
420 1799 535 1836 etiam
568 1804 626 1836 est
658 1811 707 1835 ex
737 1798 905 1836 vasculis
935 1797 1050 1846 pictis
1083 1797 1188 1833 haud
1220 1797 1374 1845 paucis,
1419 1810 1581 1847 quorum

160 1866 348 1903 nonnulla
391 1867 584 1915 Aeschylo
616 1866 794 1918 aequalia
825 1869 935 1912 sunt,
977 1877 1054 1916 qua
1086 1878 1136 1902 ex
1166 1878 1207 1902 re
1237 1867 1416 1914 apparet,
1463 1865 1584 1902 Athe-

161 1934 318 1972 nienses
375 1935 594 1985 Geryonem
647 1935 897 1982 trigeminum
949 1932 1180 1979 credidisse,
1234 1944 1471 1983 quamquam
1523 1932 1585 1970 vir

160 2002 298 2039 summi
328 2003 369 2039 iu
400 2002 461 2040 his
501 2003 617 2039 rebus
646 2002 779 2039 iudicii
812 2001 1016 2039 Loeschke
1047 2001 1087 2037 in
1128 2000 1274 2037 eximia
1306 2000 1586 2049 disputatione,

161 2083 276 2121 quam
319 2071 364 2107 de
407 2070 575 2108 vasculi>>
608 2070 823 2108 Minervam
870 2072 1092 2107 nascentem
1138 2067 1418 2105 exhibentibus
1461 2079 1587 2116 nuper

162 2138 294 2184 edidit,
327 2139 531 2176 oblocutus
563 2142 620 2176 est
651 2150 781 2175 errore
814 2139 963 2176 ductus.
1009 2137 1083 2174 Sed
1115 2149 1164 2173 ne
1197 2136 1290 2187 quid
1323 2135 1497 2173 omisisse
1528 2134 1588 2172 vi-

164 2206 265 2252 dear,
299 2219 445 2257 coquus
477 2206 591 2243 etiam
623 2206 664 2242 in
686 2219 788 2245 nova
821 2205 1019 2243 comoedia
1047 2205 1247 2242 confertur
1278 2217 1364 2241 cum
1390 2201 1587 2248 monstris,

164 2273 267 2324 quod
299 2273 457 2322 colligas
489 2287 539 2311 ex
569 2274 734 2312 Philem.
766 2274 840 2322 frg.
875 2271 944 2311 40b
983 2271 1159 2322 (Mein.):

481 2408 572 2447 Quae
595 2408 639 2438 mi
665 2408 866 2439 interbibere
891 2408 971 2444 sola,
997 2407 1025 2437 si
1048 2407 1127 2436 vino
1152 2410 1267 2443 scatat,

481 2466 743 2497 Corinthiensem
769 2475 835 2503 eqs.

167 2523 228 2552 Sed
255 2523 292 2552 ‘si
315 2523 393 2551 vino
418 2522 531 2552 scatat'
555 2523 762 2552 referendum
790 2525 839 2552 est
863 2530 928 2551 non
952 2521 994 2550 ad
1019 2520 1208 2556 tibicinam,
1233 2528 1347 2549 verum
1373 2519 1413 2548 ad
1439 2519 1583 2557 fontem;

166 2588 241 2608 nam
264 2579 290 2607 si
315 2578 373 2607 illa
395 2578 533 2607 tibicina
558 2582 661 2608 scatat
685 2580 773 2615 vino7
799 2578 914 2607 bibere
939 2586 1004 2606 non
1029 2576 1170 2615 amplius
1195 2578 1312 2613 potest.

258 2636 290 2672 3)
316 2635 357 2663 cf.
381 2635 509 2664 dissert.
535 2635 575 2664 de
600 2635 699 2664 Rhesi
723 2635 857 2664 scholiis
881 2634 914 2663 in
941 2634 1037 2663 indie.
1066 2633 1140 2662 lect,
1170 2632 1314 2662 univers.
1349 2630 1585 2669 Gryphiswald

168 2691 320 2732 1877178.

1292 2750 1313 2782 2
