1857 3089
747 226 1028 267 -25-

319 325 445 364 ποῖντα
475 322 548 378 γᾶρ
581 323 677 364 ὅσσα
707 323 912 377 λάβεσκεν,
954 323 1107 364 ἆείδελα
1137 322 1264 363 πάντα
1295 326 1483 364 τίθεσκεν.

292 396 416 433 Versu
449 397 526 432 810
551 395 760 445 Chrysalus
781 409 916 434 servus
948 409 969 432 a
992 395 1146 432 domino
1170 395 1310 433 vinciri
1332 396 1459 432 iussus
1481 395 1598 433 dicit:

409 464 483 509 Ah,
516 463 856 511 Bellerophontem
888 466 978 500 tuus
1009 475 1070 499 me
1101 463 1196 500 fecit
1226 462 1352 499 filius:

410 532 576 578 Egomet
606 530 768 568 tabellas
798 530 912 568 tetuli
944 534 987 568 ut
1017 530 1199 568 vincirer.

178 612 278 649 quae
300 599 421 636 verba
443 598 647 635 referenda
668 601 759 635 sunt
789 598 835 634 ad
855 597 1197 646 Bellerophontem
1228 611 1250 634 a
1271 599 1413 635 Proeto
1435 598 1600 635 Sthene-

177 667 276 703 boea
305 678 428 703 uxore
477 666 708 703 adhortante
747 666 792 701 ad
822 665 999 703 Iobatem
1043 666 1084 702 in
1115 666 1265 703 Cariam
1307 666 1464 702 missum
1513 678 1598 702 cum

179 734 355 780 tabellis,
398 733 540 784 quibus
569 733 696 770 Iobati
728 733 1013 782 imperabatur,
1060 738 1102 771 ut
1147 734 1389 771 interimeret
1427 733 1600 770 Bellero-

178 802 378 850 phontem.
437 803 567 851 Atque
598 801 671 837 hoc
700 800 774 837 iam
809 813 859 837 ex
888 801 1038 838 Homer
1068 801 1114 838 Il.
1152 802 1192 837 Z.
1230 804 1306 838 160
1339 814 1419 851 eqs.
1462 806 1598 838 notum

178 872 430 906 retractatum
463 872 522 906 est
551 869 597 905 ab
620 869 807 917 Euripide
838 870 878 905 in
899 868 1147 906 Stheneboea
1177 869 1387 917 tragoedia.
1448 868 1599 904 Deinde

179 936 272 974 satis
313 936 507 974 celebrata
546 936 862 985 Bellerophontis
901 938 983 974 fata
1026 937 1225 974 nonnullis
1264 936 1433 975 vasculis
1474 936 1601 985 pictis,

179 1017 230 1041 ex
271 1005 412 1055 quibus
452 1017 570 1040 unum
614 1004 893 1041 nominandum
923 1004 1100 1051 videtur,
1144 1005 1246 1055 quod
1278 1005 1396 1042 habet
1429 1005 1601 1041 Bellero-

179 1073 363 1121 phontem
407 1072 578 1110 tabulam
619 1072 837 1109 tradentem
877 1073 1004 1110 Iobati
1050 1073 1197 1120 pictum
1239 1072 1286 1109 cf.
1329 1073 1478 1118 Conze,
1521 1085 1600 1109 vas.

180 1140 310 1177 select.
344 1139 455 1186 VIII,
489 1143 524 1177 9.
563 1143 593 1176 1.
653 1139 833 1190 Denique
873 1139 966 1177 talia
1008 1140 1383 1188 paratragodumena
1414 1153 1493 1176 non
1536 1140 1601 1176 ab·

179 1209 337 1244 horrere
380 1208 427 1244 ab
459 1207 575 1244 attica
607 1207 826 1244 comoediae
869 1212 1031 1255 apparet
1062 1219 1111 1243 ex
1142 1207 1343 1255 Aristoph.
1375 1208 1466 1244 nub.
1500 1210 1602 1243 256:

615 1271 676 1310 ἐπὶ
710 1273 744 1310 τί
774 1271 991 1321 στέφανον,·
1023 1272 1142 1322 οἴμοι,
1176 1270 1397 1323 Σώκρατες,

411 1337 540 1391 ὥσπερ
573 1353 618 1389 με
649 1337 715 1378 τόν
741 1337 973 1390 Ἀθάμανθ’
1010 1337 1118 1386 ὅπως
1149 1338 1203 1390 μὴ
1234 1337 1386 1379 θύσετε.

177 1411 235 1447 De
266 1409 437 1460 Lycurgi
468 1410 637 1461 denique
669 1411 866 1448 mentione
898 1410 951 1460 (v.
989 1411 1082 1461 111)
1113 1411 1161 1448 cf.
1191 1410 1306 1448 infra.

294 1544 341 1581 In
372 1545 707 1593 Captivorum
747 1546 902 1584 fabulae
932 1560 988 1584 vs.
1023 1547 1102 1583 274
1135 1557 1257 1583 senex
1287 1546 1414 1594 Hegio
1447 1545 1602 1594 sapien-

179 1613 273 1650 tiam
324 1612 426 1650 servi
465 1613 677 1650 admiratus
725 1613 838 1651 dicit:
880 1615 1084 1663 Eugepae:
1130 1614 1290 1651 Thalem
1331 1614 1478 1651 talento
1522 1626 1601 1650 non

180 1693 302 1718 emam
337 1680 508 1727 Milesio,
551 1694 717 1731 quocum
760 1681 985 1719 conferendi
1017 1688 1055 1719 et
1085 1682 1323 1719 Bacchidum
1354 1694 1489 1720 versus
1523 1684 1600 1718 122

183 1761 277 1798 eqs.,
316 1748 383 1785 ubi
413 1748 652 1786 Pistoclerus
694 1762 734 1786 se
766 1749 918 1799 Lydum
961 1751 1230 1798 paedagogum
1272 1748 1603 1797 sapientissimum

185 1828 337 1864 semper
367 1816 549 1853 habuisse
580 1817 779 1864 professus
810 1817 885 1854 ait:

323 1883 422 1929 hem,
456 1896 582 1934 quam,
615 1898 636 1921 o
668 1885 787 1930 Lude,
820 1898 860 1922 es
891 1886 1088 1931 barbarus,

325 1963 437 2001 quem
471 1963 542 1999 ego
574 1964 709 2000 sapere
740 1952 860 1990 nimio
892 1953 1023 1990 censui
1056 1953 1142 2001 plus
1174 1965 1288 2003 quam
1322 1952 1475 1990 Thales.

182 2022 221 2056 et
252 2019 445 2056 Rudentis
475 2033 510 2057 v.
547 2023 675 2057 1001:

325 2086 404 2124 Tr.:
433 2087 496 2125 Ita
527 2087 750 2126 enimvero?
782 2088 924 2126 stultus
955 2101 1006 2126 es.
1067 2088 1152 2126 Gn:
1182 2088 1297 2126 Salve
1328 2087 1480 2125 Thales.

182 2159 222 2191 et
252 2155 430 2191 Pseudol.
465 2157 558 2192 301.

240 2221 368 2259 Emito
402 2222 461 2259 die
493 2235 605 2260 caeca
633 2223 762 2260 hercle
794 2224 950 2270 olivom‚
981 2224 1019 2260 id
1051 2224 1210 2261 vendito
1243 2224 1395 2261 oculata
1425 2223 1508 2260 die:

240 2290 323 2326 Iam
353 2290 482 2326 hercle
513 2289 576 2327 vel
607 2291 795 2328 ducentae
826 2295 991 2340 possunt
1020 2292 1104 2328 fieri
1135 2295 1360 2340 praesentes
1390 2291 1530 2328 minae.

298 2357 406 2397 Quae
437 2358 483 2394 ad
506 2358 665 2395 Thalem
697 2364 870 2407 spectare
900 2359 1165 2407 intellegimus
1196 2373 1246 2396 ex
1267 2359 1467 2397 Aristotel.
1489 2358 1606 2395 Polit.

183 2425 215 2462 I.
262 2429 331 2463 11:
378 2420 464 2463 οἷον
506 2424 572 2462 καὶ
615 2422 656 2463 τὸ
705 2422 838 2463 Θάλεω
879 2428 948 2463 τοῦ
988 2427 1208 2475 Μιλησίου·
1252 2428 1368 2463 τοῦτο
1413 2422 1486 2475 γάρ
1528 2424 1607 2462 ἐστι

185 2489 412 2540 κατανόημά
446 2507 481 2530 τι
510 2490 829 2543 χρηματιστικόν,
871 2489 946 2530 ἀλλ’
989 2492 1122 2545 ἐκείνῳ
1155 2491 1225 2542 μὲν
1255 2490 1320 2530 δια
1362 2489 1431 2541 τήν
1462 2493 1607 2540 σοφίαν

187 2555 474 2608 προς-ἅπτουσι,
535 2557 713 2610 τυγχάνει
771 2559 812 2598 δὲ
867 2558 1045 2598 καθόλου
1101 2576 1133 2599 τι
1185 2557 1241 2598 ὅν.
1312 2556 1607 2609 κατανοήσαντά

185 2637 305 2673 φασιν
343 2622 462 2664 αὐτόν
499 2626 636 2665 ἐλαιῶν
675 2626 806 2677 φοροὶν
838 2627 1025 2678 ἐσομένην
1058 2627 1099 2667 ἐκ
1131 2630 1199 2678 τῆς
1230 2625 1504 2681 ἀστρολογίας,
1550 2626 1605 2665 ἔτι

185 2695 374 2743 χειμῶνος
433 2689 545 2740 ὄντος
596 2691 870 2746 εὐπορήσαντα
925 2693 1132 2746 χρημάτων
1181 2694 1322 2748 ὀλίγων
1371 2693 1608 2746 ἆῤῥαβῶνας
