1857 3089
778 200 1028 239 -9-

198 305 272 341 diis
303 304 678 352 paratragodumena
709 316 759 340 ex
792 304 937 340 Graeca
966 302 1130 339 historia
1163 302 1327 339 fabulari
1362 301 1615 338 invenieban-

195 377 270 409 tur.
331 373 385 408 At
406 371 551 408 dixerit
572 372 736 409 fortasse
759 371 964 422 quispiam,
997 370 1175 420 quamvis
1207 369 1272 419 qui
1297 369 1505 413 adfuerint,
1539 381 1615 404 non

195 438 500 487 penetraverint,
534 452 649 489 quam
683 439 827 476 comice
857 438 1005 474 alludat
1034 441 1150 485 poeta
1189 437 1236 474 ad
1278 449 1340 473 res
1380 435 1616 484 mythologi-

195 519 280 552 caS‚
322 511 452 543 tamen
486 506 652 554 tragicos
685 510 820 555 poetas
852 507 1115 542 Romanorum
1146 505 1233 541 illas
1263 503 1415 540 fabulas
1446 508 1616 539 transtu-

194 573 307 620 lisse,
350 587 400 610 ex
438 573 580 624 quibus
620 573 777 610 haurire
816 578 976 621 possent
1009 573 1156 610 comici.
1217 572 1291 609 Sed
1333 583 1417 607 mea
1458 570 1615 620 quidem

202 641 395 678 sententia
418 654 512 678 sana
534 645 663 678 mente
685 642 826 678 haecce
848 640 1094 677 ratiocinatio
1117 639 1355 688 postulatur:
1392 651 1476 675 cum
1501 637 1616 673 Plau-

198 713 263 746 tus
296 708 580 745 comoediarum
615 708 846 745 Graecarum
878 708 1044 756 vestigia
1075 712 1348 758 persequatur,
1383 706 1524 756 quibus
1555 718 1616 741 co-

200 777 300 812 mico
332 776 416 812 usui
449 775 569 812 fuisse
601 776 820 823 tragoedias
863 789 941 812 non
972 776 1219 823 ignoramus,
1264 780 1301 812 et
1332 773 1498 810 Romani
1531 772 1617 809 illas

197 843 418 890 tragoedias
442 843 557 880 etiam
580 844 829 889 transferant,
863 856 911 880 ex
943 844 1086 894 quibus
1108 843 1242 880 Graeci
1276 842 1410 879 comici
1444 853 1615 888 sumpse-

196 915 300 957 runt,
333 911 515 947 Plautina
546 916 674 948 autem
707 912 1085 960 paratragodumena
1114 912 1361 960 reperiantur
1391 910 1431 946 in
1461 908 1616 945 Graccis

195 978 261 1014 vei
292 978 460 1015 comocis
489 979 552 1016 vel
585 979 851 1027 scriptoribus,
884 979 967 1016 veri
999 984 1059 1016 est
1079 978 1318 1016 simillimum
1342 977 1521 1013 Plautum
1554 988 1617 1011 eas

194 1059 256 1082 res
289 1059 387 1096 quae
419 1052 531 1084 erant
560 1047 600 1083 in
634 1047 790 1084 Graecis
822 1047 1051 1092 comoediis,
1094 1060 1172 1083 non
1216 1059 1266 1082 ex
1297 1044 1507 1093 tragoediis
1539 1044 1616 1079 Ro-

196 1114 320 1150 manis
350 1114 435 1162 ipsa
476 1115 749 1151 observatione
791 1115 1022 1163 sumpsisse,
1067 1127 1203 1151 verum
1244 1127 1293 1150 ex
1332 1112 1428 1160 ipsis
1460 1111 1616 1148 Graecis

194 1181 338 1218 fabulis
370 1181 544 1218 hausisse
577 1194 677 1231 quae
719 1183 751 1218 ei
791 1187 947 1230 praesto
980 1188 1102 1219 erant.
1173 1181 1284 1221 Quod
1328 1179 1491 1227 singulis
1523 1177 1617 1214 locis

194 1250 249 1286 ita
270 1249 425 1297 probari
448 1254 587 1297 potest,
620 1254 663 1286 ut
684 1249 928 1299 inquiramus
951 1257 1080 1286 utrum
1102 1249 1479 1298 paratragodumena
1501 1246 1616 1282 Plau-

193 1317 277 1353 tina
307 1316 346 1352 in
380 1316 612 1353 comicorum
647 1317 789 1354 fabulis
815 1317 1050 1354 Graecorum
1073 1318 1338 1362 inveniantur,
1372 1327 1470 1366 quae
1502 1327 1615 1349 nemo

193 1383 414 1432 perspicere
445 1385 575 1432 potuit
605 1385 678 1422 nisi
712 1385 826 1422 homo
852 1385 1032 1431 Graecus,
1066 1398 1200 1422 necne.
1264 1384 1350 1424 Qua
1380 1384 1419 1419 in
1453 1395 1493 1418 re
1525 1393 1616 1417 exa-

193 1451 378 1487 minanda
407 1452 523 1489 liceat
554 1452 726 1501 singulas
757 1453 910 1489 fabulas
950 1466 1176 1501 percurrere
1218 1451 1424 1501 perpaucis
1465 1463 1617 1486 earum-

194 1532 269 1569 que
317 1521 694 1567 paratragodumena
741 1521 982 1558 adumbrare.
1061 1521 1224 1558 Initium
1269 1520 1455 1557 faciamus
1498 1517 1614 1554 velim

195 1587 242 1623 ab
276 1588 617 1624 Menaechmorum
650 1588 802 1634 fabula,
845 1589 1010 1639 adquam
1041 1588 1202 1636 respicit
1231 1588 1492 1635 Kiesslingius
1523 1587 1546 1624 l.
1579 1585 1615 1630 l.‚

195 1669 217 1692 a
247 1669 323 1706 quo
355 1656 401 1691 ad
434 1656 534 1693 hanc
563 1669 643 1692 rem
667 1656 936 1704 explicandam
971 1661 1146 1693 ornatum
1182 1668 1265 1693 esse
1298 1668 1357 1691 me
1379 1655 1501 1691 libere
1526 1667 1615 1691 con-

195 1724 318 1761 fiteor.

310 1859 356 1895 In
391 1860 821 1896 Menaechmorum
865 1874 921 1897 vs.
963 1862 1200 1897 714—718
1243 1860 1382 1896 mulier
1421 1857 1616 1895 convicia-

195 1927 326 1963 bunda
356 1934 602 1975 comparatur
632 1941 716 1964 cum
753 1928 934 1965 Hecuba:

364 1996 451 2031 Non
484 2000 526 2032 tu
557 1995 643 2041 scis,
676 1996 825 2041 mulier,
859 1996 1061 2032 Hecubam
1094 2009 1172 2046 qua
1202 2002 1363 2044 propter
1395 2007 1542 2039 canem,

364 2062 469 2099 Graii
503 2075 586 2100 esse
617 2062 918 2111 praedicabant?
952 2077 1029 2100 non
1062 2064 1240 2113 equidem
1276 2063 1367 2100 scio.

367 2129 469 2170 Quia
499 2130 600 2167 idem
632 2131 802 2168 faciebat
834 2131 1007 2184 Hecuba,
1043 2132 1145 2181 quod
1178 2137 1219 2168 tu
1252 2144 1356 2168 nunc
1386 2131 1492 2167 facis.

365 2198 506 2234 Omnia
536 2198 636 2234 mala
665 2198 886 2245 ingerebat,
920 2211 1153 2249 quemquem
1186 2204 1414 2247 aspexerat:

362 2265 503 2315 Itaque
536 2267 630 2302 adeo
662 2266 746 2302 iure
777 2271 953 2314 coeptast
983 2267 1172 2315 appellari
1205 2267 1321 2304 canis.

193 2334 255 2369 Ad
289 2346 403 2384 quam
436 2345 515 2369 rem
549 2339 699 2382 spectat
730 2334 938 2382 Euripides
970 2334 1156 2371 Hecubae
1188 2348 1244 2372 vs.
1285 2337 1408 2371 1265:

467 2396 587 2437 Κύων
618 2397 776 2453 γενήσῃ,
812 2396 924 2450 πύρσ’
956 2399 1094 2449 ἔχουσα
1127 2399 1332 2451 ὄέργματα.

194 2473 396 2516 praeterea
428 2470 474 2506 cf.
508 2470 642 2518 Eurip.
673 2470 770 2517 frag.
803 2470 941 2507 incert.
976 2472 1054 2506 959
1087 2470 1272 2519 (Nauck.)

461 2530 624 2584 Ἑκάτης
657 2532 807 2586 ἄγαλμα
839 2535 1058 2585 φωςφόρου
1091 2533 1196 2574 κύων
1229 2536 1315 2574 ἔσει.

193 2608 273 2640 tum
307 2604 354 2640 cf.
387 2604 588 2652 Aristoph.
619 2606 715 2652 frag.
750 2609 842 2642 535.
875 2619 936 2653 ap.
969 2607 1077 2643 Eust.
1111 2606 1181 2642 Od.
1225 2619 1262 2654 p.
1298 2606 1425 2651 1467,
1461 2607 1510 2642 37
1564 2618 1612 2642 ex

194 2672 380 2720 Euripide
413 2684 662 2720 expressum:
