1857 3089
172 319 449 356 commentario
472 321 655 357 adnotat:
686 320 760 357 hoc
790 323 902 357 extra
922 319 1037 356 etiam
1069 320 1169 355 hanc
1190 321 1421 367 potestatem
1443 319 1585 355 Iunoni

178 387 382 433 tribuitur,
416 400 649 437 quamquam
679 387 784 423 illam
816 388 1030 424 Menander
1061 386 1225 422 Dianam
1257 386 1440 434 appellat.
1502 385 1588 425 Qua

173 467 214 491 re
245 454 329 491 luce
361 455 501 492 clarius
532 455 585 501 fit,
619 455 840 492 Terentium
872 467 941 503 pro
975 455 1208 491 Graecorum
1240 453 1366 490 Diana
1395 454 1587 491 Iunonem

169 523 432 560 Romanorum
472 523 659 571 posuisse.
731 520 859 561 Quid?
910 522 1012 573 quod
1058 521 1174 559 etiam
1206 521 1370 558 Plautus
1414 525 1586 558 exeunte

170 590 369 628 comoedia
400 590 602 627 Aulularia
641 589 833 637 virginem
872 590 1097 641 loquentem
1139 589 1256 627 facit:
1296 588 1397 627 Iuno
1438 589 1587 626 Lucina

169 662 275 695 tuam
297 657 432 695 fidem!
464 658 603 695 Nonne
624 661 705 694 tum
737 657 795 694 fas
819 664 886 703 est,
911 658 1152 703 concludere,
1176 670 1261 694 cum
1284 657 1450 694 sciamus
1471 656 1585 693 Plau-

170 731 251 763 tum
284 725 450 762 Graecos
491 725 682 762 imitatum
716 738 799 762 esse
837 738 1049 775 eorumque
1081 725 1299 762 comoedias
1330 723 1585 770 transtulisse,

169 798 209 830 et
239 793 312 829 hoc
334 792 417 830 loco
441 793 561 830 verba
578 792 713 829 Graeci
744 798 882 841 poetae
900 793 1012 830 modo
1044 793 1100 830 ita
1121 798 1270 830 mutata
1291 805 1374 830 esse
1396 806 1418 829 a
1437 792 1588 838 Plauto,

168 864 211 898 ut
263 873 332 909 pro
379 860 610 898 Graecorum
652 861 778 898 Diana
819 861 1081 898 Romanorum
1134 861 1234 897 Iuno
1276 857 1587 909 supponeretur?

166 929 318 966 Deinde
356 929 396 965 in
428 929 649 966 comoediae
677 929 838 966 Casinae
871 935 978 967 actus
1008 929 1029 966 Ι
1070 942 1186 967 scena
1218 933 1239 965 3
1273 928 1421 966 Stalino
1453 940 1584 973 senex,

170 998 273 1047 quod
304 997 351 1034 ab
383 1010 505 1034 uxore
537 1003 671 1046 captus
703 1004 771 1044 est,
805 1003 923 1046 optat,
956 1002 999 1035 ut
1028 997 1261 1047 myropolas,
1292 1009 1315 1033 a
1345 996 1487 1048 quibus
1517 1009 1586 1032 un-

171 1070 357 1113 guentum
390 1065 562 1113 accepit,
604 1066 728 1102 bonus
760 1066 975 1102 Mercurius
1005 1066 1158 1113 perdat3
1203 1077 1317 1116 quam
1350 1063 1584 1102 sententiam

168 1146 218 1170 ex
246 1133 392 1170 Graeco
423 1133 532 1170 fonte
563 1134 753 1179 haustam,
783 1138 947 1181 apparet
977 1145 1027 1169 ex
1060 1132 1204 1170 Graeco
1236 1132 1426 1170 vocabulo
1458 1144 1586 1181 myro-

170 1201 304 1249 polae;
337 1201 471 1250 itaque
491 1201 547 1237 illi
571 1201 794 1250 myropolae
827 1198 867 1237 ἐν
889 1197 1015 1252 ἀγορᾷ
1044 1202 1206 1238 fuerunt
1236 1206 1353 1251 atque
1386 1201 1478 1237 deus
1508 1199 1586 1245 ille,

169 1269 228 1305 cui
272 1281 411 1305 nomen
445 1269 536 1305 boni
568 1268 748 1305 Mercurii
782 1268 948 1306 inditum
980 1274 1056 1314 est,
1099 1269 1215 1305 debet
1246 1281 1328 1305 esse
1360 1273 1510 1314 custos,
1542 1272 1587 1304 ut

167 1337 222 1373 ita
253 1336 387 1382 dicam,
419 1336 508 1382 fori,
540 1336 606 1387 qui
639 1350 716 1373 non
749 1336 872 1373 solum
904 1341 1138 1374 mercatores
1170 1340 1336 1381 tueatur,
1368 1337 1434 1373 sed
1467 1335 1585 1373 etiam

167 1405 263 1441 alios
293 1404 481 1450 homines,
513 1417 562 1441 ne
593 1405 633 1441 in
663 1405 748 1442 foro
781 1417 802 1440 a
823 1405 1102 1442 mercatoribus
1135 1404 1394 1442 offendantur.
1453 1405 1586 1454 Atque

167 1472 406 1510 Stalinonem
437 1473 508 1510 hac
549 1474 588 1510 in
621 1485 736 1510 scena
766 1486 788 1510 a
818 1473 1020 1521 myropola
1050 1473 1231 1509 damnum
1262 1473 1467 1521 accepisse,
1499 1471 1584 1509 luce

168 1540 310 1578 clarius
342 1547 411 1586 est,
445 1553 560 1591 quam
594 1541 641 1577 ob
673 1553 753 1577 rem
784 1541 850 1578 ille
872 1540 1106 1578 Mercurium
1129 1541 1298 1578 invocat.
1358 1539 1467 1580 Quae
1499 1554 1584 1577 cum

165 1609 221 1646 ita
251 1609 339 1655 sint,
372 1609 444 1646 hoc
475 1622 629 1659 quoquc
661 1609 745 1646 loco
778 1609 939 1647 Plautus
969 1622 1038 1658 pro
1072 1609 1217 1646 Graeco
1249 1608 1408 1646 numine
1439 1609 1580 1645 Roma-

167 1690 305 1713 norum
338 1677 450 1714 deum
481 1677 632 1725 posuit,
673 1690 761 1714 nam
794 1677 922 1714 omnia
954 1690 1208 1727 quaecunque
1240 1677 1285 1714 de
1317 1677 1387 1714 deo
1428 1677 1500 1714 hac
1540 1677 1579 1713 in

167 1757 282 1781 scena
311 1745 413 1782 dicta
444 1749 544 1790 sunt,
577 1746 624 1781 ad
655 1745 851 1782 neminem
881 1744 1017 1781 referri
1048 1749 1213 1793 possunt
1252 1745 1326 1782 nisi
1359 1746 1405 1782 ad
1434 1738 1581 1794 Ἑρμῆν

164 1805 364 1861 ἀγοραῖον.
424 1812 498 1849 Sed
529 1813 693 1850 fortasse
735 1813 879 1850 dixerit
921 1813 1063 1863 aliquis
1103 1813 1220 1850 etiam
1251 1814 1448 1850 Romanos
1478 1814 1579 1850 Her-

164 1893 252 1917 men
284 1880 468 1925 coluisse3
509 1885 612 1918 recte
644 1881 681 1917 id
714 1881 891 1932 quidem,
927 1881 993 1918 sed
1023 1882 1125 1929 apud
1158 1881 1356 1918 Romanos
1387 1887 1446 1919 est
1477 1881 1578 1918 Mer—

167 1949 296 1985 curius
327 1949 420 1985 deus
456 1952 734 1994 mercatorum,
767 1962 845 1986 non
877 1949 997 1986 totius
1027 1949 1102 1986 fori
1134 1961 1262 1999 neque
1293 1949 1479 1998 templum
1512 1961 1578 1985 ne-

164 2029 239 2067 que
272 2029 421 2054 sacrum
451 2017 493 2053 in
522 2018 606 2054 foro
639 2017 776 2063 habet,
816 2018 883 2054 sed
914 2017 960 2053 ad
991 2017 1144 2054 Circum
1175 2018 1388 2055 maximum
1421 2021 1460 2055 et
1489 2021 1578 2054 ante

160 2091 310 2133 portam
343 2084 547 2133 Capenam.
581 2086 627 2122 cf.
660 2085 745 2123 Liv.
778 2085 831 2122 II.
867 2088 947 2132 21.,
980 2085 1092 2123 Ovid.
1123 2086 1211 2124 fast.
1249 2086 1294 2124 V.
1322 2087 1413 2123 673.
1474 2086 1576 2133 Ergo

162 2152 346 2190 Mercurii
379 2166 519 2190 nomen
552 2166 629 2190 non
662 2154 826 2203 quadrat
868 2153 909 2190 in
940 2154 1041 2191 hanc
1071 2167 1152 2191 rem
1183 2158 1302 2205 atque
1340 2158 1422 2191 tota
1462 2165 1577 2191 scena

160 2221 328 2270 perspici
380 2234 457 2258 non
507 2226 638 2269 potest
677 2221 751 2258 nisi
794 2215 916 2273 Ἑρμῇ
968 2215 1140 2274 ἀγοραίῳ
1182 2221 1309 2270 posito
1350 2234 1420 2270 pro
1474 2222 1577 2258 bono

160 2289 366 2326 Mercurio.

273 2357 570 2394 Percensuimus
593 2370 726 2394 omnes
747 2369 808 2394 res
831 2369 930 2408 quae
963 2361 1140 2405 spectant
1171 2357 1216 2393 ad
1239 2356 1442 2395 historiam
1463 2358 1573 2394 fabu-

160 2424 278 2461 larem
309 2425 349 2461 in
381 2425 524 2462 fabulis
555 2425 768 2463 Plautinis:
799 2425 968 2462 vidimus
999 2425 1098 2461 nihil
1129 2438 1265 2474 sapere
1296 2425 1463 2463 colorem
1496 2425 1573 2462 Ro-

161 2503 314 2527 manum
345 2497 498 2540 praeter
527 2493 615 2530 illos
645 2493 769 2540 locos,
810 2493 875 2530 ubi
909 2493 1091 2530 Herculis
1123 2493 1293 2531 decimae
1333 2498 1463 2542 partes
1505 2506 1573 2530 no-

161 2559 358 2596 minantur
387 2560 522 2608 (Stich.
557 2563 648 2598 385.
679 2561 833 2598 Trucul.
868 2564 958 2598 561.
992 2561 1158 2598 Mostell.
1191 2561 1301 2610 984).
1332 2561 1396 2599 vel
1428 2561 1572 2599 mentio

160 2627 352 2664 Nerienae
394 2627 486 2664 deae
525 2627 725 2665 invenitur
763 2628 935 2677 (Trucul.
970 2628 1087 2677 515),
1134 2629 1180 2665 de
1224 2642 1300 2680 qua
1340 2629 1416 2666 iam
1457 2642 1572 2678 supra

160 2694 339 2732 diximus.
401 2697 530 2746 Atque
561 2695 690 2732 omnia
719 2698 1104 2744 paratragodumena,
1136 2702 1179 2735 ut
1209 2697 1264 2734 ita
1295 2697 1439 2743 dicam,
1473 2709 1570 2746 quae
