1857 3089
795 186 1075 228 -46—

228 302 340 341 quam
389 301 536 326 summo
578 289 753 338 periculo
798 289 902 327 vitae
947 291 995 327 ab
1039 290 1137 327 Iove
1178 289 1383 327 liberatam
1417 289 1643 328 Alcmenam

227 357 428 406 Euripidis
460 356 652 405 spectavit
682 360 798 405 poeta
828 357 1017 402 Graecus,
1051 370 1164 407 quem
1196 357 1358 394 Plautus
1388 360 1542 394 secutus
1573 360 1642 404 est,

228 437 314 462 cum
357 427 628 474 tempestatem
674 427 836 473 propter
866 427 1070 461 extensum
1103 423 1253 461 tonitru
1295 427 1333 460 et
1362 423 1509 461 fulmen
1541 437 1643 461 com·

227 494 384 541 pararet
415 504 502 528 cum
547 504 611 536 ea,
658 503 733 541 qua
763 491 985 539 praesentia
1015 491 1122 528 Iovis
1153 490 1193 526 in
1226 489 1425 539 Euripidis
1456 491 1644 528 Alcmena

225 559 485 595 indicebatur.

338 625 490 662 Deinde
520 625 562 662 in
591 625 770 664 versibus
803 628 881 661 604
915 638 1021 675 eqs.:

339 694 460 730 Natas
492 706 542 730 ex
571 692 790 729 Philomela
821 695 939 743 atque
970 693 1126 739 Progne
1158 705 1241 729 esse
1273 692 1530 730 hirundines:

339 763 424 807 Ago
457 773 543 796 cum
574 760 652 805 illa,
685 759 832 809 nequid
865 763 1005 796 noceat
1035 761 1131 796 meis
1163 759 1443 808 popularibus:

227 841 347 865 senex
369 827 588 864 Daemones
617 825 840 872 somniavit,
873 826 1024 862 simiam
1054 827 1286 864 hirundines
1317 828 1524 876 populares
1556 841 1644 865 suas

227 898 415 932 sectatam
447 907 541 931 esse.
603 896 733 944 Atque
764 893 866 930 hanc
895 906 977 930 rem
1010 906 1122 930 nemo
1155 895 1378 943 perspicere
1407 899 1538 944 potest
1568 896 1643 932 nisi

227 962 293 1013 qui
327 961 471 1009 legerit
500 975 557 999 vs.
591 961 668 997 737
704 974 806 1011 eqs.:

225 1031 324 1066 Nam
358 1029 481 1065 altera
509 1029 608 1064 haec
639 1032 698 1064 est
728 1032 820 1064 nata
843 1027 1008 1065 Athenis
1040 1027 1222 1075 ingenuis
1257 1029 1496 1078 parentibus.

227 1097 331 1138 Quid
355 1110 426 1143 ego
461 1109 509 1133 ex
542 1101 577 1132 te
600 1095 740 1132 audio?
771 1117 826 1122 -—
856 1096 970 1132 Hanc
992 1095 1159 1133 Athenis
1194 1110 1277 1133 esse
1308 1100 1439 1133 natam
1468 1096 1644 1135 liberam.

225 1165 315 1201 Mea
336 1163 548 1213 popularis,
583 1176 755 1212 opsecro,
787 1163 884 1200 haec
907 1167 974 1200 est.
1022 1164 1109 1200 Non
1134 1168 1175 1200 tu
1200 1164 1434 1213 Cyrenensis
1465 1164 1532 1201 es?

224 1232 347 1268 Immo
381 1230 548 1268 Athenis
579 1234 693 1267 natus
725 1230 905 1280 altusque
938 1231 1202 1281 educatusque
1234 1231 1389 1269 Atticis.

225 1301 330 1346 Ergo
372 1312 456 1335 cum
497 1297 565 1334 illo
605 1298 691 1335 loco
735 1302 974 1347 exponatur,
1022 1298 1263 1335 Daemonem
1305 1311 1388 1335 esse
1428 1299 1645 1336 Athenien-

225 1380 317 1413 sem,
350 1370 389 1403 et
411 1369 545 1402 notum
573 1365 633 1411 sit,
666 1365 924 1402 Philomelam
957 1369 995 1402 et
1026 1366 1208 1413 Prognen
1243 1379 1325 1403 esse
1352 1365 1454 1403 filias
1477 1367 1644 1404 Pandio-

226 1435 286 1471 nis
329 1434 433 1481 regis
477 1432 800 1479 Atheniensium,
848 1433 921 1470 hac
965 1434 1258 1481 comparatione
1296 1437 1413 1482 poeta
1452 1434 1645 1482 exprimit,

227 1501 493 1538 Athenienses
543 1500 660 1537 etiam
711 1501 750 1537 in
809 1500 995 1537 extremis
1039 1505 1166 1537 terrae
1219 1500 1448 1548 regionibus
1491 1514 1644 1550 semper

227 1570 332 1607 cives
363 1568 477 1605 tueri.
539 1567 664 1607 Quam
708 1569 757 1605 ob
801 1581 884 1604 rem
927 1569 1003 1605 hoc
1044 1572 1148 1605 certe
1194 1569 1367 1617 pertinet
1396 1569 1442 1604 ad
1476 1568 1643 1606 Graecos

225 1640 477 1687 spectatores,
513 1634 579 1685 qui
612 1648 710 1685 quae
740 1635 890 1673 fuerint
920 1635 1138 1672 Philomela
1169 1638 1208 1672 et
1237 1637 1393 1683 Progne
1425 1649 1502 1673 non
1534 1636 1644 1683 igno-

224 1706 376 1750 rabant,
410 1716 573 1754 quarum
601 1703 747 1739 mentio
779 1703 819 1739 in
852 1703 1082 1750 fragmentis
1105 1703 1325 1740 comoediae
1358 1717 1447 1740 casu
1477 1703 1643 1743 interiit.

225 1772 299 1809 Sed
330 1772 405 1808 hoc
427 1770 564 1808 Graeci
598 1770 754 1820 quidem
785 1770 894 1819 pueri
929 1770 1124 1820 sciebant,
1167 1771 1286 1808 finxit
1318 1771 1422 1808 enim
1459 1767 1644 1821 Πρόκνην

226 1838 451 1889 Sophocles.

339 1905 493 1943 Deinde
523 1905 563 1941 in
595 1918 650 1942 vs.
686 1908 764 1941 509
797 1906 956 1942 Labrax
985 1905 1073 1942 leno
1105 1910 1365 1956 conquestus,
1410 1919 1450 1943 se
1480 1906 1643 1955 periisse

226 1974 400 2023 Neptuni
441 1973 586 2010 iniuria
625 1976 742 2023 atque
783 1974 886 2009 bona
916 1973 1153 2022 perdidisse,
1197 1973 1444 2010 Charmidem
1475 1978 1643 2023 accusat,

228 2042 329 2092 quod
360 2045 405 2077 ut
433 2040 475 2077 in
497 2040 671 2077 Siciliam
701 2040 1018 2090 proficisceretur
1048 2040 1122 2077 sibi
1154 2041 1404 2090 persuaserit.
1451 2042 1502 2078 Et
1523 2042 1642 2079 Char-

226 2109 348 2145 mides
389 2109 486 2145 haec
529 2107 706 2145 convicia
747 2121 952 2155 regerenS,
1006 2109 1107 2158 quod
1151 2109 1349 2157 paeniteat
1393 2122 1433 2146 se
1478 2109 1641 2158 hospitii

225 2176 390 2221 lenonis,
424 2175 620 2225 queritur:

430 2242 702 2280 Scelestiorem
735 2254 868 2279 cenam
901 2243 1037 2280 cenavi
1069 2246 1174 2280 tuam

433 2310 558 2351 Quam
590 2322 688 2360 quae
719 2310 912 2359 Thyestae
943 2310 1164 2360 anteposita
1195 2315 1233 2347 et
1263 2311 1396 2348 Tereo.

339 2377 397 2413 De
427 2378 549 2414 Tereo
592 2390 641 2413 ex
681 2377 813 2413 fabula
850 2373 1033 2425 Πρόκνης
1075 2378 1205 2414 omnia
1243 2382 1335 2415 nota
1375 2382 1482 2423 suut;
1523 2379 1641 2427 dapes

226 2458 320 2483 vero
344 2445 575 2494 Thyesteae,
605 2444 629 2480 i.
654 2457 684 2481 e.
718 2443 856 2480 δεῖπνα
891 2443 1076 2480 &usmeta
1106 2445 1365 2482 inveniuntur
1393 2446 1431 2481 in
1455 2446 1641 2495 Aeschyl.

227 2515 364 2559 Agam.
400 2514 527 2548 1563:
574 2508 738 2559 παρέσχε
773 2510 885 2547 δαῖτα
926 2508 1113 2547 παιδέιων
1152 2513 1288 2561 κρεῶν.
1349 2512 1474 2549 Multo
1512 2516 1640 2550 autem

228 2578 419 2628 aptiorem
447 2578 575 2615 locum
606 2578 785 2615 adscribo
817 2591 865 2615 ex
897 2578 1097 2627 Euripide,
1129 2582 1177 2616 cf.
1211 2580 1336 2617 Orest.
1376 2582 1500 2617 1008:
