1857 3089
750 196 1031 236 ..19—

757 295 857 335 ἕνθα
888 293 938 346 δὴ
967 296 1195 334 παλαίτατοι

435 360 646 409 θάσσουσι,
679 362 819 413 σεμνόν
849 361 954 414 ἀμφὶ
991 360 1190 414 Πειρήνης
1218 360 1338 414 ὕδωρ.

179 435 259 469 tum
292 431 428 469 Troad.
462 435 564 470 205:

587 494 613 548 ἢ
648 494 847 548 Πειρήνας
877 494 1157 549 ὑδρευσομένα.

287 566 440 607 Quibus
470 566 565 604 locis
596 566 747 604 collatis
779 567 964 603 certiores
995 566 1078 604 fieri
1111 580 1337 615 possumus,
1370 567 1410 603 in
1444 567 1596 605 Graeco

177 633 391 682 exemplari
433 633 563 671 Plauti
616 634 729 670 modo
770 633 847 681 legi
895 629 1115 683 Πειρήνην,
1163 635 1414 685 quamobrem
1455 635 1602 672 ‘Corin—

181 699 389 738 thiensem'
421 701 593 738 additum
625 713 647 736 a
676 701 816 738 Plauto
847 701 1014 739 videtur.

293 769 339 804 In
370 782 487 806 versu
510 771 588 804 693
612 768 806 806 Strobilus
836 782 971 807 servus
994 772 1180 818 occupato
1212 769 1424 806 thensauro
1448 770 1602 807 Euclio-

178 835 239 871 nis
270 835 475 882 gloriatur:

350 903 432 940 Pici
453 901 488 951 1)
520 902 669 941 divitiis
700 903 766 954 qui
798 916 935 941 aureos
966 907 1119 941 montes
1151 904 1286 941 colunt

348 971 429 1018 Ego
461 970 566 1007 solus
597 983 737 1019 supero
768 993 821 998 —
854 983 941 1008 nam
972 971 1068 1008 istos
1099 984 1212 1019 reges
1244 974 1395 1008 ceteros

348 1039 565 1075 Memorare
597 1038 699 1085 nolo,
731 1039 944 1076 homonum
975 1039 1256 1076 mendicabula.

351 1107 433 1153 Ego
465 1119 549 1142 sum
579 1105 645 1143 ille
675 1119 747 1143 rex
768 1106 987 1155 Philippus,

291 1174 445 1210 Montes
477 1173 547 1209 hos
578 1185 715 1210 aureos
755 1186 838 1210 esse
879 1174 919 1210 in
962 1178 1065 1211 terra
1095 1174 1322 1220 Persarum,
1362 1173 1521 1222 colligas
1552 1186 1603 1210 ex

176 1240 297 1278 Stichi
329 1240 448 1277 fabul.
481 1237 534 1278 24
567 1253 656 1291 eqs:
686 1240 790 1278 Novi
823 1253 894 1289 ego
926 1241 1048 1288 illum,
1078 1241 1205 1278 ioculo
1236 1242 1333 1278 haec
1363 1241 1477 1278 dicit:

454 1308 592 1357 Neque
622 1307 688 1344 ille
719 1308 793 1345 sibi
825 1313 972 1346 mereat
1002 1309 1208 1346 Persarum

448 1379 600 1413 montes
631 1375 697 1426 qui
730 1389 813 1413 esse
843 1377 951 1414 aurei
982 1377 1251 1426 perhibentur,

178 1444 226 1480 cf.
258 1443 462 1491 Aristoph.
493 1444 663 1481 Acharn.
698 1446 770 1481 82:

439 1508 512 1547 ἔτει
544 1506 712 1564 τετάρτῳ
745 1506 777 1547 δ’
809 1509 847 1556 ἐς
877 1507 924 1548 τα
954 1509 1103 1560 βασίλει’
1130 1508 1327 1561 ἤλθομεν·

440 1573 513 1615 ἄλλ’
549 1576 602 1623 εἰς
633 1573 844 1616 ἀπόπατον
876 1573 1002 1632 ᾤ’χετο,
1035 1577 1216 1630 στρατιάν
1245 1576 1389 1629 λαβών,

441 1640 597 1695 κᾶχεζεν
628 1642 731 1684 ὀκτώ
763 1648 888 1696 μῆνας
919 1646 983 1685 ἐπὶ
1013 1649 1168 1698 χρυσῶν
1198 1643 1312 1698 ὀρῶν.

179 1714 227 1750 of.
260 1714 445 1751 scholiast
475 1715 521 1751 ad
553 1716 657 1752 hunc
687 1728 855 1754 versum.

294 1785 425 1832 Atque
480 1795 567 1819 cum
607 1783 669 1819 his
713 1783 912 1821 montibus
956 1784 1089 1821 iuncta
1133 1788 1192 1822 est
1232 1785 1378 1822 mentio
1423 1798 1601 1834 grypum.

180 1861 266 1885 nam
299 1851 346 1887 cf.
380 1849 597 1898 Hipparchi
629 1864 754 1888 novae
785 1852 1006 1889 comoediae
1037 1855 1175 1901 poetae
1207 1852 1488 1900 fragmentum:

324 1914 533 1966 Προςέχεις
562 1931 596 1954 τι
630 1913 753 1970 τούτῳ
784 1919 837 1970 τῷ
869 1915 1087 1972 σρατιώτῃς
1119 1921 1200 1956 ποῦ
1231 1915 1268 1956 δ’
1305 1917 1377 1967 ἔχει

319 1980 510 2034 ἀργύριον
542 1976 677 2031 οὗτοςς
711 1980 941 2034 οὐδαμόθεν
971 1978 1014 2023 εὖ
1046 1981 1119 2024 οἷδ’
1150 1982 1236 2038 ἐγώ,

318 2046 396 2088 ἀλλ’
426 2046 453 2100 ἢ
474 2048 658 2090 ὃαπίδιόν
684 2052 730 2091 ἓν
761 2047 966 2104 ἆγαπητόν
987 2053 1166 2092 ποικίλον

323 2117 481 2170 Πέρσας
503 2121 542 2170 [2]
575 2119 661 2170 ἕχον
692 2120 757 2159 καὶ
789 2124 943 2173 γρῦπας
960 2123 997 2172 ²)
1029 2118 1180 2168 ἐξώλεις
1209 2119 1317 2167 τινας

318 2188 394 2224 τῶν
430 2189 644 2238 Περσικῶν,
675 2191 742 2227 ubi
774 2203 939 2240 grypum
970 2191 1114 2228 mentio
1136 2204 1214 2228 non
1247 2192 1451 2229 obscurata
1472 2204 1602 2228 corru-

176 2255 293 2304 ptela.
336 2256 420 2293 Hac
441 2268 491 2293 ex
515 2269 555 2293 re
577 2270 669 2295 vero
701 2262 875 2307 apparet,
908 2258 1089 2296 Plautum
1112 2272 1189 2295 non
1212 2271 1341 2305 regem
1366 2258 1501 2296 Picum
1534 2272 1601 2296 no-

269 2400 300 2441 1)
325 2402 394 2430 Pici
428 2402 490 2431 hoe
523 2403 596 2432 loco
632 2413 695 2433 non
730 2407 779 2433 est
811 2404 1004 2442 genetivus,
1033 2403 1094 2450 ged
1129 2403 1352 2434 nominativus
1387 2405 1443 2442 qui
1478 2405 1600 2443 pendet

179 2456 220 2486 ab
248 2457 325 2486 illo:
364 2458 418 2496 qui
445 2459 569 2490 colunt.
608 2464 705 2497 atque
740 2461 837 2490 talem
874 2461 1151 2490 constructionem
1177 2470 1195 2490 a
1219 2460 1336 2490 Plauto
1371 2470 1435 2490 non
1461 2461 1600 2490 alienam

178 2522 247 2542 esse
272 2518 408 2551 apparet
432 2524 471 2544 ex
495 2515 590 2545 Asin.
613 2517 698 2546 621:
725 2520 882 2554 patronus
907 2517 962 2555 qui
987 2517 1082 2547 vobis
1107 2517 1169 2546 fuit
1194 2517 1321 2547 futurus
1345 2518 1529 2555 perdidisti.

267 2570 301 2607 2)
326 2569 464 2599 fortasse
488 2571 626 2600 alicuius
650 2573 806 2602 momenti
833 2576 900 2611 est,
938 2574 1024 2611 apud
1053 2573 1219 2611 Aristoph,
1246 2582 1298 2602 av¹
1328 2574 1389 2604 707
1416 2574 1502 2603 hune
1527 2583 1599 2603 ver-

175 2635 247 2655 sum
272 2629 420 2655 exstare:
458 2622 474 2657 ὁ
513 2627 550 2658 δε
576 2624 746 2666 Περσικὸν
787 2624 884 2668 ὄρνιν,
920 2630 961 2658 ad
995 2639 1090 2668 quem
1124 2629 1320 2658 scholiasta:
1358 2627 1398 2661 τοὶ
1434 2629 1598 2669 πολυτελῆ

174 2679 294 2719 πάντα,
320 2678 368 2718 οἷς
393 2679 492 2722 μόνος
518 2680 675 2723 βασιλεὺς
699 2680 833 2725 ἐχρῆτο,
859 2681 1011 2716 ἐκαλεῖτο
1036 2683 1201 2725 Περσικά.

1269 2738 1330 2777 2ἳί-
