1857 3089
838 179 1118 220 „62—

282 279 332 316 sit
372 282 461 328 post
501 279 629 317 Plauti
672 285 846 319 mortem.
905 283 1002 319 Nam
1040 283 1250 331 suspicioni
1281 286 1387 324 locus
1416 287 1574 325 relictus
1615 290 1684 333 est,

276 359 324 383 an
376 348 471 384 haec
519 348 664 385 mentio
716 350 837 386 Attali
891 356 1007 401 atque
1048 351 1210 400 Spartae
1259 353 1323 390 alii
1366 355 1580 391 Poenulum
1623 368 1684 392 re-

275 416 458 453 tractanti
489 421 627 463 poetae
667 417 873 454 tribuenda
903 419 964 456 sit.
1025 422 1154 469 Atque
1185 433 1226 457 re
1256 434 1350 458 vera
1379 422 1454 459 hoc
1485 423 1683 460 nonnullis

273 484 389 520 rebus
430 482 680 520 confirmatur
723 489 761 521 et
792 486 995 533 probatur,
1041 500 1128 523 nam
1160 488 1348 525 habemus
1379 490 1569 538 duplicem
1601 491 1682 527 exi-

274 556 352 587 tum
371 550 524 587 fabulae
547 552 611 597 (cf.
635 551 800 600 Hasper.
823 553 974 591 dissert.
998 555 1043 591 de
1066 555 1207 603 duplici
1231 557 1341 594 exitu
1362 556 1565 595 Plautinae
1586 559 1683 596 Poe-

272 618 354 655 nuli
385 618 490 666 Lips.
526 620 667 667 1868),
708 624 825 670 atque
855 621 1066 659 Teuffelius
1097 623 1137 659 in
1169 625 1266 661 Mus.
1297 620 1405 661 rhen.
1439 627 1540 661 1853
1571 638 1608 673 p.
1631 629 1681 662 36

270 685 459 723 nonnulla
487 686 699 733 adnotavit,
731 700 828 738 quae
859 689 900 725 in
931 690 1112 727 Plautina
1143 692 1341 729 comoedia
1370 692 1440 730 vix
1470 693 1564 729 ferri
1595 705 1684 741 pos-

273 758 368 799 sent,
400 758 601 802 praeterea
622 759 749 791 autem
780 755 819 791 in
850 769 906 793 vs.
931 760 1150 795 650—664
1182 759 1242 796 bis
1264 760 1474 808 exponitur
1505 764 1544 797 et
1573 773 1684 808 pere-

272 822 424 870 grinum
455 821 556 858 velle
588 834 715 858 amare
745 827 861 873 atque
901 828 1037 872 potare
1067 826 1119 875 (v.
1153 830 1230 863 649
1263 827 1330 864 ubi
1370 840 1538 878 nequam
1567 828 1685 865 faciat

271 911 325 916 —
358 893 436 926 652
468 893 613 937 potare,
657 902 784 927 amare
814 891 918 940 vult)
950 897 989 929 et
1017 893 1166 943 Lycum
1196 895 1377 943 praedam
1407 896 1552 932 habere
1583 895 1678 944 (651

270 959 412 1006 praeda
452 957 548 994 haec
587 970 671 994 mea
712 962 770 995 est
799 981 853 985 ——
886 963 964 996 659
1007 965 1045 998 et
1088 962 1230 999 bonam
1271 963 1451 1010 praedam
1492 963 1590 1000 datis
1630 984 1684 991 —-

273 1029 351 1062 662
383 1039 453 1062 rex
483 1025 582 1074 sum)
624 1030 663 1064 et
692 1028 939 1076 peregrinum
970 1042 1148 1077 magnam
1188 1031 1271 1068 auri
1301 1031 1381 1068 vim
1411 1031 1554 1068 habere
1587 1033 1680 1079 (651

270 1106 404 1131 aurum
435 1095 551 1132 habet
581 1116 635 1121 —
667 1099 745 1132 660
778 1100 972 1135 trecentos
1002 1111 1178 1136 nummos
1207 1099 1380 1148 Philippi
1412 1103 1541 1147 portat
1571 1112 1682 1148 prae-

269 1161 373 1210 sidi).
421 1163 501 1209 Ego
525 1163 680 1213 quidem
702 1165 1036 1211 persuasissimum
1057 1167 1194 1212 habeo,
1224 1167 1297 1204 hoc
1327 1167 1411 1203 loco
1434 1179 1516 1204 esse
1537 1166 1682 1204 indicia

268 1230 574 1276 retractationis,
620 1232 722 1281 quod
767 1245 998 1283 quamquam
1042 1235 1213 1271 nondum
1255 1235 1347 1272 satis
1379 1235 1545 1272 dilucide
1577 1247 1679 1272 com-

269 1299 433 1346 probare
465 1311 632 1346 possum,
663 1304 792 1336 tamen
825 1313 956 1349 spero,
988 1315 1048 1338 me
1079 1302 1251 1348 evicisse,
1282 1302 1388 1338 illam
1420 1301 1541 1339 Attali
1573 1314 1680 1338 men-

268 1367 414 1403 tionem
444 1379 523 1403 non
553 1367 746 1415 respicere
779 1367 952 1405 Attalum
983 1369 1161 1417 primum,
1194 1370 1322 1406 Plauti
1354 1369 1565 1419 aequalem.

382 1437 512 1484 Atque
552 1434 716 1471 alterum
758 1448 914 1486 quoque
944 1436 1090 1481 locum,
1135 1437 1201 1487 qui
1233 1441 1291 1473 est
1319 1437 1359 1472 in
1392 1438 1524 1473 eadem
1556 1449 1681 1483 scena,

267 1503 328 1539 his
368 1503 482 1539 rebus
523 1502 711 1550 expositis
753 1516 812 1540 me
856 1503 896 1540 in
941 1504 1199 1552 suspicionem
1231 1517 1382 1551 vocare,
1424 1505 1503 1541 noli
1536 1505 1680 1542 mirari.

268 1572 315 1607 In
347 1583 461 1607 versu
492 1570 595 1607 enim
621 1574 699 1607 684
724 1571 964 1620 Collybiscus
995 1572 1138 1617 lenoni,
1171 1586 1239 1610 cur
1268 1573 1482 1622 hospitium
1513 1572 1678 1609 liberum

268 1638 469 1688 quaeritet,
503 1639 687 1686 rogitanti
719 1641 952 1688 respondet:

408 1705 508 1745 Quia
537 1719 560 1744 a
588 1708 728 1744 muscis
760 1708 790 1745 si
824 1708 874 1744 mi
906 1709 1117 1757 hospitium
1150 1721 1374 1759 quaererem

407 1775 630 1812 Adveniens
661 1775 757 1812 irem
787 1776 828 1811 in
859 1789 1050 1814 carcerem
1081 1782 1185 1814 recta
1215 1777 1288 1813 via.

408 1844 489 1890 Ego
520 1843 559 1879 id
590 1855 732 1893 quaero
764 1844 995 1892 hospitium,
1026 1845 1091 1881 ubi
1123 1857 1193 1892 ego
1227 1856 1337 1881 curer
1368 1843 1531 1889 mollius,

411 1910 535 1950 Quam
566 1911 648 1958 regi
681 1911 876 1948 Antiocho
909 1912 1009 1949 oculi
1041 1912 1165 1948 curari
1197 1912 1333 1949 solent.

379 1981 509 2029 Atque
548 1979 714 2026 primum
746 1979 901 2029 quidem
946 1979 1067 2016 oritur
1098 1979 1294 2030 quaestio,
1336 1978 1423 2029 quis
1462 1977 1583 2015 fuerit
1611 1977 1677 2014 ille

267 2047 502 2092 Antiochus,
536 2047 644 2083 cuius
675 2047 774 2083 oculi
806 2048 976 2095 perbene
1007 2048 1130 2085 curari
1170 2048 1307 2085 solent.
1366 2045 1576 2083 Teuffelius
1606 2044 1630 2082 l.
1653 2044 1677 2081 1.

265 2116 386 2152 refert
415 2115 509 2151 haec
541 2114 586 2150 ad
608 2116 847 2152 Antiochum
878 2127 1080 2161 magnum:
1110 2128 1158 2151 zu
1190 2115 1333 2152 diesem
1354 2114 1498 2151 Datum
1530 2114 1678 2152 stimmt

267 2183 396 2219 ferner
437 2182 498 2218 die
539 2182 790 2230 Erwahnung
832 2183 897 2219 des
937 2183 1154 2220 Antiochus
1196 2183 1251 2219 als
1291 2182 1393 2220 noch
1421 2181 1584 2227 lebend,
1630 2181 1677 2217 da

267 2250 392 2287 dieser
430 2254 507 2286 erst
541 2250 615 2285 567
649 2261 681 2286 a.
714 2263 750 2286 u.
783 2263 812 2287 0.
854 2251 955 2288 110011
996 2263 1063 2298 gar
1102 2250 1211 2287 nicht
1250 2250 1304 2286 alt
1347 2250 1420 2286 den
1451 2248 1530 2285 Tod
1570 2248 1673 2284 fand.

267 2318 340 2355 Sed
373 2317 550 2367 quamvis
582 2318 710 2354 dedita
747 2330 864 2366 opera
893 2318 934 2354 in
967 2331 1099 2355 01111165
1139 2319 1186 2354 ad
1217 2319 1330 2354 hasce
1360 2329 1421 2353 res
1452 2318 1674 2364 spectantes

267 2385 473 2433 scriptores
502 2385 794 2435 inquisiverim,
826 2386 919 2422 mihi
950 2399 1028 2422 non
1059 2385 1242 2433 contigit,
1273 2388 1317 2421 ut
1342 2383 1434 2434 quid
1456 2383 1672 2421 evincerem

269 2454 314 2490 de
357 2452 542 2489 Antiochi
595 2452 726 2490 oculis.
795 2453 1003 2490 Praeterea
1043 2465 1195 2501 semper
1233 2452 1371 2488 mirum
1421 2463 1505 2488 6556
1547 2451 1672 2495 debet,

268 2521 398 2558 oculos
438 2532 585 2557 summa
622 2520 777 2556 luxuria
821 2520 884 2557 vel
915 2533 1062 2557 summo
1093 2524 1231 2557 ornatu
1263 2519 1356 2565 coli,
1400 2530 1490 2566 ergo
1522 2518 1598 2554 iam
1629 2530 1674 2554 ea

265 2601 308 2625 re
338 2587 515 2624 Teuffelii
546 2587 730 2624 iudicium
760 2588 990 2624 labefactum
1023 2591 1101 2633 est;
1144 2588 1245 2637 quod
1288 2586 1470 2623 Goetzius
1515 2598 1671 2636 quoque

266 2656 308 2693 in
347 2655 518 2692 editione
558 2654 722 2692 Poenuli
761 2655 1007 2704 perspexisse
1047 2655 1221 2700 videtur,
1253 2667 1337 2691 cum
1369 2666 1438 2703 pro
1470 2652 1591 2690 oculis
1622 2664 1671 2688 ex
