1857 3089
725 195 1005 238 —59—

162 306 328 340 aetatem
354 313 479 338 novae
510 300 730 338 comoediae
750 300 815 337 vel
845 311 944 350 quae
973 302 1087 336 antea
1107 302 1176 345 est,
1209 312 1294 336 cum
1326 311 1449 347 nuper
1479 299 1577 335 Bue-

159 369 336 408 chelerus
367 368 604 406 mentionem
636 367 874 406 Poticiorum
906 366 1034 414 gentis
1064 367 1105 403 in
1135 366 1316 404 Bacchid.
1347 380 1383 404 v.
1413 369 1485 402 123
1518 366 1573 402 fe-

159 437 225 475 lici
255 450 326 474 acu
357 436 542 474 radicitus
583 449 651 473 suo
683 436 766 472 iure
799 434 999 472 deleverit.
1060 435 1261 471 Habemus
1303 435 1405 470 enim
1446 433 1486 469 in
1516 434 1573 470 fa-

159 504 263 542 bulis
295 504 533 541 mentionem
565 503 793 551 Agathoclis
823 502 943 552 (Men.
974 502 1029 538 11.
1063 506 1108 548 3,
1143 501 1232 551 58),
1263 501 1367 549 regis
1397 501 1573 549 Philippi

157 573 281 621 (Pers.
315 572 432 622 339),
475 571 688 609 Alexandri
721 569 853 618 magni
893 583 970 607 una
1011 583 1097 608 cum
1129 570 1345 618 Agathocle
1388 568 1573 618 (Mostell.

162 640 276 689 775),
317 652 452 688 regum
483 639 658 688 Philippi
700 642 738 676 et
768 638 911 675 Darii
951 638 1100 688 (Aulul.
1135 637 1223 686 86),
1264 637 1435 675 Seleucis
1473 637 1574 686 (Mil.

158 709 253 757 glor.
279 708 358 756 74),
392 706 581 744 Demetrii
613 707 771 754 (Pseud.
806 706 915 755 912),
946 705 1133 743 Hieronis
1164 706 1285 753 (Men.
1321 704 1431 754 410),
1466 704 1575 741 Solo-

157 776 217 813 nis
248 775 376 824 (Asin.
409 775 484 813 111.
519 778 553 820 3,
587 775 647 824 9),
678 773 847 812 Socratis
878 773 1075 822 (Pseudol.
1108 774 1226 819 465),
1261 772 1434 810 Thaletis
1465 773 1574 822 (Cap.

158 844 268 893 244),
298 843 453 880 Jasonis
484 843 680 892 (Pseudol.
718 842 832 892 193),
875 842 941 893 qui
973 842 1055 880 sine
1087 842 1203 879 dubio
1235 846 1427 890 tyrannus
1467 841 1574 877 urbis

157 912 370 948 Pherarum
401 911 478 949 fuit
507 911 660 949 saeculo
694 916 831 962 quarto
873 910 998 948 clarus
1030 914 1189 959 propter
1219 909 1401 955 divitias,
1445 913 1576 946 errant

158 980 288 1027 igitur,
321 979 388 1030 qui
420 993 489 1028 pro
522 979 696 1017 codicum
727 979 893 1016 lectione
924 978 1099 1016 inserant
1127 978 1339 1022 Jasionem,
1369 981 1576 1026 propterea

158 1047 264 1097 quod
294 1047 362 1085 illo
394 1048 478 1085 loco
510 1046 634 1084 Ballio
666 1060 845 1095 magnam
883 1046 1069 1083 frumenti
1113 1046 1263 1094 copiam
1304 1046 1448 1082 habere
1479 1044 1573 1081 dici-

157 1121 224 1153 tur
254 1121 293 1153 et
312 1116 447 1152 Jasion
478 1116 518 1152 in
550 1115 792 1166 mythologia
823 1114 1073 1162 coniungitur
1104 1127 1189 1151 cum
1212 1115 1362 1159 Cerere,
1394 1114 1465 1149 dea
1493 1113 1573 1148 fru-

158 1183 279 1221 menti
311 1187 350 1220 et
381 1189 575 1231 segetum;
607 1184 673 1220 sed
703 1184 803 1220 hanc
833 1183 969 1220 falsam
1001 1195 1085 1219 esse
1106 1182 1209 1219 viam
1240 1179 1576 1230 interpretationis

156 1251 229 1288 iam
262 1252 353 1288 inde
385 1256 566 1300 apparet,
611 1251 713 1302 quod
744 1251 784 1287 in
815 1251 882 1288 illo
923 1264 1038 1288 versu
1070 1250 1252 1288 Plautino
1292 1249 1410 1287 Iason
1452 1250 1573 1295 „rex“

157 1319 382 1356 nominatur
423 1324 462 1356 et
490 1319 623 1356 Iasion
663 1331 874 1369 numquam
919 1332 990 1356 rex
1032 1323 1101 1356 est.
1172 1318 1322 1355 Deinde
1361 1317 1574 1365 cogitemus

156 1386 274 1425 velim
297 1387 536 1425 mentionem
559 1381 704 1436 ἀνδρός
725 1387 929 1424 πολιτικοῦ
950 1387 1120 1437 Lycurgi
1151 1386 1307 1436 (Bacch.
1334 1385 1427 1434 111)
1460 1398 1574 1435 quem

156 1455 450 1492 Brachmannus
490 1456 531 1492 in
562 1456 683 1493 altero
718 1455 1001 1493 dissertationis
1033 1468 1220 1501 excursU,
1266 1454 1307 1491 ni
1345 1454 1459 1491 fallor
1499 1453 1575 1490 ioci

159 1535 291 1570 causa,
332 1524 516 1572 exposuit
556 1537 634 1561 non
664 1524 774 1560 illum
818 1528 1011 1561 oratorem
1042 1523 1296 1560 clarissimum
1328 1536 1432 1568 esse,
1472 1521 1574 1572 quod

159 1592 328 1629 Meierus
368 1592 391 1628 1.
423 1592 448 1629 1.
490 1592 635 1639 voluit,
677 1605 813 1629 verum
854 1591 964 1629 illum
995 1591 1200 1629 Thracium
1242 1603 1372 1639 regem
1415 1590 1490 1626 iam
1534 1589 1575 1625 in

158 1659 267 1708 Capt.
298 1674 335 1697 v.
370 1663 448 1697 562
480 1661 741 1706 nominatum,
785 1673 870 1698 cum
911 1660 1076 1697 Romani
1118 1659 1227 1696 illum
1271 1663 1463 1696 oratorem
1496 1658 1572 1707 Ly-

159 1740 318 1776 curgum
350 1741 429 1766 non
460 1728 749 1777 cognovissent.
809 1728 883 1765 Sed
914 1728 1081 1777 primum
1114 1728 1269 1779 quidem
1301 1725 1573 1775 interpretatio

157 1796 262 1833 illius
301 1796 375 1833 loci
419 1798 519 1834 bene
551 1797 714 1846 quadrat
754 1798 794 1834 in
826 1797 1048 1846 Lycurgum
1081 1802 1294 1842 oratorem,
1338 1795 1477 1832 deinde
1508 1806 1573 1830 au-

158 1871 235 1901 tem
267 1865 420 1913 saepius
463 1878 578 1916 quam
610 1865 728 1902 semel
766 1866 927 1903 adnotat
966 1865 1127 1902 Plautus
1163 1864 1342 1902 homines
1388 1862 1574 1900 Romanis

157 1932 269 1970 valde
300 1934 464 1981 ignotas.
526 1937 587 1970 An
620 1947 661 1971 re
692 1946 785 1971 vera
814 1938 1102 1982 perspexerunt
1131 1932 1320 1978 Romani,
1352 1931 1439 1982 quis
1471 1934 1574 1967 esset

158 2000 283 2037 Clinia
312 2002 376 2039 vel
406 2002 627 2040 Demetrius
656 2003 697 2039 in
728 2002 795 2039 illo
836 2002 974 2039 Bacch.
1007 2004 1084 2038 911
1118 2014 1255 2039 versu:

326 2070 435 2107 Satin
467 2076 545 2117 est,
587 2071 618 2108 si
657 2070 770 2120 plura
799 2084 849 2107 ex
880 2083 940 2107 me
972 2070 1103 2108 audiet
1132 2070 1248 2106 hodie
1279 2068 1378 2105 mala

328 2137 452 2178 Quam
485 2139 636 2177 audivit
666 2152 849 2190 umquam
880 2139 1006 2176 Clinia
1040 2152 1090 2175 ex
1119 2138 1348 2175 Demetrio?

158 2205 370 2243 Praeterea
409 2207 617 2245 Stratonici
659 2207 916 2253 mentionem,
963 2219 1078 2258 quam
1120 2207 1337 2255 reperimus
1388 2205 1429 2241 in
1473 2205 1572 2242 Rud.

157 2286 194 2310 v.
228 2277 323 2321 932,
356 2275 581 2313 testimonio
614 2281 682 2322 est,
715 2275 896 2313 Plautum
918 2275 1106 2312 Romanis
1137 2288 1216 2312 non
1247 2278 1358 2312 notas
1388 2287 1573 2323 personas

157 2354 207 2378 ex
238 2342 405 2380 Graecae
438 2343 635 2381 comoedia
665 2343 921 2381 transtulisse.
994 2341 1118 2382 Quam
1160 2342 1370 2381 Stratonici
1408 2342 1572 2379 mentio-

159 2422 246 2446 nem
276 2410 354 2448 viri
396 2412 499 2450 docti
530 2413 654 2450 adhuc
693 2425 771 2449 non
803 2416 1129 2460 penetraverunt,
1170 2424 1258 2448 nam
1289 2411 1461 2448 Meierus
1490 2409 1516 2447 l.
1548 2410 1572 2447 1.

157 2476 253 2514 alios
276 2478 402 2517 Plauti
423 2479 658 2529 interpretes
679 2484 834 2517 secutus
856 2480 960 2526 dicit,
991 2480 1254 2518 Stratonicum
1274 2479 1394 2516 fuisse
1416 2478 1572 2529 utrique

158 2550 196 2582 et
227 2545 409 2594 Philippo
449 2554 488 2584 et
518 2548 742 2584 Alexandro
783 2561 922 2596 magno
956 2553 1218 2599 quaestorem,
1261 2547 1370 2584 ouius
1413 2546 1573 2584 divitiae

158 2614 259 2662 apud
291 2614 457 2652 Graecos
493 2628 571 2652 non
603 2615 716 2652 aliter
747 2620 863 2666 atque
894 2616 1021 2653 Crassi
1052 2617 1154 2664 apud
1185 2616 1382 2652 Romanos
1412 2615 1453 2651 in
1483 2627 1572 2662 pro-

160 2681 342 2719 verbium
375 2682 566 2720 abierunt.
626 2682 699 2720 Sed
732 2684 909 2733 quamvis
946 2684 1075 2721 dedita
1119 2696 1236 2732 opera
1271 2684 1312 2720 in
1352 2684 1452 2720 hanc
1490 2695 1572 2719 rem
