1857 3089
778 227 1058 267 „41-

266 331 364 366 Nam
386 343 470 366 oum
491 330 615 375 leone,
638 343 724 367 eum
747 333 915 376 excetra,
950 343 1034 368 cum
1058 343 1182 375 cervo,
1217 343 1302 367 cum
1325 343 1418 378 apro
1443 330 1632 377 Aetolico,

265 398 359 434 Cum
390 397 527 434 avibus
557 397 844 447 Stymphalicis,
876 410 962 434 oum
985 399 1136 434 Antaeo
1169 397 1355 435 deluetari
1388 398 1518 444 malui,

209 464 333 504 Quam
370 478 455 502 cum
487 478 628 502 amore.
675 464 760 504 Qua
790 465 831 501 in
862 477 903 502 re
933 465 1007 502 hoc
1030 478 1108 501 non
1139 465 1528 513 praetermittendum
1561 469 1630 511 est,

206 532 308 569 forte
328 533 485 569 fortuna
511 533 575 570 vel
596 532 817 580 ignorantia
839 531 968 569 Plauti
1000 545 1070 581 pro
1097 532 1379 582 Erymanthioo
1403 545 1496 581 apro
1521 532 1630 569 illum

208 599 430 637 Aetolicum
460 599 650 637 insertum
674 611 778 645 esse;
812 599 951 636 deinde
983 612 1051 636 suo
1083 599 1167 636 iure
1190 599 1452 647 Kiesslingius
1477 600 1550 637 hoo
1581 612 1631 636 ex

206 667 291 704 loeo
333 667 518 714 coniecit,
564 680 769 717 numerum
802 680 1074 705 aerumnarum
1105 668 1304 705 redactum
1349 680 1432 705 esse
1472 668 1519 704 ad
1562 680 1631 705 sex

207 747 412 772 aerumnas
446 735 610 772 fortasse
641 747 664 771 a
694 734 833 772 Plauto
865 734 962 783 ipso,
995 747 1083 771 nam
1116 749 1184 773 cur
1214 735 1309 773 dicit
1338 738 1455 784 poeta
1484 737 1630 773 ‘omnes

206 799 432 848 aerumnas‘,
476 815 559 840 eum
603 815 644 840 re
686 815 781 840 vera
821 803 935 840 modo
975 815 1044 840 sex
1085 802 1285 852 proferat?
1336 803 1449 844 Quod
1490 804 1631 842 attinet

205 869 252 905 ad
291 869 464 906 ordinem
496 882 789 917 aerumnarum,
833 871 967 918 negari
1010 883 1088 908 non
1135 874 1289 920 potest,
1328 870 1436 908 illum
1469 875 1508 909 et
1540 885 1630 908 oon-

205 936 350 974 sentire
381 949 466 973 cum
489 937 669 974 omnibus
693 938 1054 976 enumerationibus
1077 939 1190 976 modo
1213 942 1325 976 sexta
1347 952 1532 976 aerumna
1562 952 1629 976 ex-

206 1008 330 1053 cepta,
362 1017 450 1041 nam
481 1005 662 1042 hocloco
685 1005 828 1043 Antaei
860 1006 1054 1054 proelium
1084 1006 1276 1044 laudatur.
1323 1007 1397 1044 Sed
1431 1007 1497 1057 qui
1528 1007 1630 1044 hane

206 1073 538 1110 enumerationem
580 1073 692 1119 feeit,
736 1086 812 1111 non
856 1073 978 1111 solum
1021 1064 1124 1110 ἆθλα
1165 1074 1348 1112 Herculis
1392 1075 1520 1120 novit,
1563 1075 1628 1111 sed

206 1140 319 1177 etiam
352 1140 457 1177 illius
488 1153 671 1189 parerga,
715 1141 818 1191 quod
856 1145 1020 1190 apparet
1050 1155 1100 1178 ex
1131 1142 1282 1179 adiecta
1312 1155 1444 1191 pugna
1476 1142 1628 1188 Antaei,

205 1220 303 1258 quae
342 1207 500 1244 minime
540 1208 580 1244 in
622 1221 781 1245 numero
824 1203 959 1244 ἄθλων
997 1209 1177 1246 habenda
1219 1214 1289 1247 est.
1350 1212 1480 1261 Atque
1511 1210 1627 1247 talem

203 1274 382 1312 notitiam
432 1274 618 1313 historiae
672 1275 857 1312 fabularis
911 1276 1145 1314 Graecorum
1199 1277 1379 1315 Plautum
1431 1278 1626 1323 habuisse,

204 1355 318 1379 nemo
355 1346 414 1380 est
455 1343 521 1394 qui
554 1346 686 1392 putet,
732 1356 824 1392 ergo
856 1344 973 1381 etiam
1004 1345 1078 1382 hoe
1107 1345 1358 1382 tribuendum
1391 1350 1450 1383 est
1480 1345 1627 1382 Graeco

205 1410 431 1459 exemplari.
492 1411 634 1448 Antaei
654 1424 748 1450 vero
769 1424 939 1460 pugnam
965 1412 1274 1450 Atheniensibus
1305 1417 1436 1451 notam
1469 1413 1628 1459 colligas

205 1490 255 1514 ex
285 1478 523 1516 ornamentis
547 1478 685 1516 Thesei
717 1479 865 1528 templi,
898 1480 938 1516 in
971 1480 1113 1530 quibus
1143 1481 1337 1529 proelium
1368 1494 1453 1518 oum
1475 1484 1627 1518 Antaeo

203 1546 449 1583 commissum
481 1545 627 1595 pictum
661 1559 744 1584 esse
778 1547 941 1594 scimus,
974 1549 1078 1598 quod
1113 1557 1315 1597 oppugnat
1347 1549 1627 1596 Overbeekius‚

204 1613 270 1662 qui
301 1612 369 1650 illo
409 1613 494 1651 loeo
526 1627 696 1663 pugnam
743 1628 828 1653 cum
862 1615 1041 1665 Geryone
1073 1620 1380 1665 representatam
1412 1630 1496 1655 esse
1525 1618 1627 1655 veri-

203 1681 368 1718 similius
411 1686 579 1720 eenseat.
640 1682 821 1733 Denique
862 1684 1075 1721 Pausanias
1106 1684 1179 1722 IX.
1218 1688 1276 1732 11,
1310 1689 1333 1722 4
1379 1686 1510 1724 neseio
1550 1699 1626 1737 quo

202 1761 252 1785 ex
281 1750 401 1795 fonte,
435 1762 521 1786 cum
552 1750 597 1786 de
630 1750 811 1787 Herculis
842 1751 987 1799 templo
1010 1752 1194 1790 Thebano
1227 1754 1347 1791 verba
1376 1754 1480 1800 facit,
1514 1754 1625 1791 dicit:

205 1816 396 1865 Θηβαίοις
426 1814 467 1854 δὲ
497 1814 542 1854 τοὶ
575 1816 615 1855 ἐν
646 1820 726 1863 τοῖς
757 1813 883 1863 ἀετοῖς
920 1818 1154 1870 Πραξιτέλης
1191 1820 1372 1870 ἐποίησεν
1414 1818 1460 1858 τά
1502 1817 1626 1858 πόλλα

201 1885 277 1922 τῶν
308 1880 461 1922 δώδεκα
492 1884 740 1934 καλουμένων
771 1882 927 1924 ἄθλων·
974 1888 1039 1924 καί
1070 1899 1181 1935 σφισι
1213 1885 1257 1925 τά
1289 1887 1328 1934 ἐς
1359 1885 1426 1934 τοὶς
1457 1885 1624 1939 ὄρνιθας

201 1950 306 1990 ἐνδεῖ
332 1948 400 1998 τοὶς
431 1951 494 1991 ἐπὶ
517 1950 744 2007 Στυμφάλῳ
776 1953 841 1992 καὶ
865 1949 916 2000 ὥς
941 1951 1136 2007 ἐκάθηρεν
1166 1951 1355 2007 Ἡρακλῆς
1377 1952 1446 2006 τὴν
1470 1953 1626 1994 Ἠλείαν

200 2016 339 2071 χώραν.
373 2015 457 2058 οἷντὶ
480 2018 629 2059 τούτων
655 2019 695 2059 δὲ
716 2017 742 2071 ἦ
763 2018 862 2072 πρὸς
889 2019 1071 2060 Ἀνταῖον
1101 2020 1204 2073 πάλη
1238 2025 1458 2073 πεποίηται.
1520 2027 1623 2074 Ergo

201 2101 287 2125 eum
319 2089 414 2126 haee
436 2103 621 2127 aerumna
651 2091 911 2139 coniungatur
933 2105 1018 2129 cum
1050 2093 1198 2131 artifice
1221 2094 1455 2132 Atheniensi
1482 2095 1623 2132 saeculi

201 2157 341 2207 quarti,
373 2157 532 2194 dubium
555 2171 637 2196 esse
670 2171 747 2196 non
778 2163 920 2208 potest,
952 2161 1048 2211 quin
1079 2160 1147 2197 illa
1167 2165 1248 2199 tum
1281 2162 1321 2198 in
1354 2175 1420 2199 ore
1452 2162 1623 2199 omnium

198 2224 330 2262 fuerit.

312 2292 465 2330 Deinde
495 2293 536 2330 in
558 2306 675 2332 versu
699 2297 750 2332 24
782 2295 943 2333 Toxilus
974 2297 1172 2345 professus
1204 2310 1244 2334 se
1275 2298 1446 2335 saucium
1479 2299 1623 2336 factum

200 2372 282 2397 esse
304 2360 345 2396 in
369 2361 532 2399 'Veneris
554 2363 715 2411 proelio,
748 2364 985 2415 quaeritanti
1010 2365 1278 2413 Sagaristioni,
1303 2371 1484 2404 amentne
1505 2367 1620 2411 servi,

199 2427 252 2464 sio
282 2430 511 2477 respondet:

284 2494 384 2535 Quid
417 2510 487 2545 ego
519 2498 686 2535 faciam?
719 2499 854 2537 deisne
886 2500 1070 2539 advorser
1101 2502 1213 2552 quasi
1247 2502 1408 2541 Titani?
1441 2515 1526 2540 cum

1078 2569 1134 2606 eis
1162 2569 1416 2618 belligerem?

284 2629 435 2670 Quibus
465 2635 524 2670 sat
553 2645 636 2670 esse
667 2647 744 2670 non
775 2635 943 2685 queam?

198 2699 260 2735 Ad
290 2711 460 2747 pugnam
492 2700 650 2737 deorum
688 2714 775 2739 cum
805 2702 962 2750 titanis,
1006 2717 1121 2754 quam
1151 2705 1193 2742 hi
1223 2719 1360 2743 versus
1390 2706 1618 2755 respiciunt,
