1857 3089
810 188 1090 231 -34-

356 290 404 327 In
428 303 543 329 versu
573 294 652 327 604
685 290 824 329 deinde
856 291 1014 329 fidicina
1038 292 1305 342 Acropolistis,
1338 294 1442 344 quod
1468 293 1657 342 Peripha-

242 370 332 394 nem
372 357 571 394 hominem
610 357 668 394 illi
711 357 889 405 ignotum
931 362 1083 408 patrem
1123 359 1196 396 sibi
1239 359 1528 406 vindicaverat,
1570 373 1657 397 cum

244 424 355 461 Circe
386 425 653 474 componitur:

290 491 364 528 Abi
395 493 508 529 modo
539 493 644 530 intro
677 495 794 543 atque
825 493 927 530 hanc
958 493 1122 530 adserva
1152 493 1315 542 Circam,
1347 494 1447 531 Solis
1477 494 1611 531 filiam.

241 561 372 609 Atque
394 559 544 597 Circam
567 559 688 596 filiam
710 559 809 595 Solis
833 572 927 605 esse,
960 563 1143 597 narratur
1173 560 1214 596 in
1245 560 1362 598 Hom.
1387 561 1456 597 Od.
1483 561 1532 607 K,
1556 563 1656 598 136:

242 620 361 673 ἄμφω
383 626 482 675 (scil.
505 626 616 664 Circe
638 629 678 663 et
701 626 859 675 Aeetes)
893 621 925 662 δ’
949 621 1157 676 ἐκγεγάτην
1179 622 1474 676 φαεσιμβρότου
1496 623 1654 676 ἠελίοιο.

242 694 289 730 cf.
322 698 526 742 praeterea
558 693 718 731 Hesiod.
751 693 880 740 theog.
905 693 999 731 957.
1058 693 1210 731 Deinde
1241 698 1405 744 propter
1435 698 1559 732 artem
1585 695 1655 731 ho-

240 760 389 798 minum
435 762 580 809 figuras
622 761 798 799 mutandi
844 762 1070 798 nominatur
1120 773 1141 797 a
1180 762 1397 798 Cassandra
1437 761 1478 798 in
1520 761 1655 811 Eurip.

240 827 380 865 Troad.
414 831 518 866 438:

447 894 634 946 Λίγυστίς
665 891 704 932 θ’
739 889 765 944 ἦ
795 895 902 932 συῶν
929 889 1158 944 μορφώτρια
1183 894 1322 944 Κίρκη.
1383 895 1495 935 Quod
1528 900 1657 934 autem

242 962 381 1000 summi
413 962 600 1001 momenti
633 966 702 1009 est,
735 962 775 1000 in
810 962 1010 1011 Aristoph.
1043 962 1146 999 Plut.
1182 965 1260 999 300
1293 975 1385 1014 eqs.,
1416 963 1483 1001 ubi
1515 964 1657 1001 Carion

242 1044 376 1068 servus
407 1044 598 1081 pauperes
629 1030 820 1078 agricolas
852 1029 994 1067 divites
1036 1030 1120 1067 fore
1151 1030 1372 1076 nuntiavit,
1417 1030 1484 1068 ille
1515 1031 1657 1068 Carion

243 1098 511 1147 componitur,
555 1098 657 1149 quod
688 1097 828 1134 nuntio
869 1110 934 1134 eos
967 1097 1109 1135 divites
1140 1098 1288 1135 fecerat
1326 1110 1375 1135 ex
1406 1099 1658 1148 pauperibus,

243 1178 328 1202 cum
360 1166 471 1203 Circe
501 1165 571 1202 tali
606 1165 743 1202 modo:

445 1228 519 1282 ἐγώ
551 1228 592 1268 δὲ
623 1226 694 1279 τὴν
727 1230 878 1282 Κίρκην
908 1243 949 1282 γε
978 1227 1048 1280 τὴν
1079 1228 1124 1268 τοὶ
1157 1227 1331 1283 φάρμακ’
1362 1229 1637 1280 ἀνακυκῶσαν,

444 1294 469 1346 ἢ
499 1294 591 1342 τούς
621 1294 800 1348 ἑταίρους
829 1298 900 1335 τοῦ
934 1297 1156 1336 Φιλωνίδου
1187 1294 1271 1336 ποτ’
1303 1298 1344 1337 ἐν
1379 1299 1566 1352 Κορίνθῳ

445 1364 594 1403 ἔπεισεν
624 1359 678 1410 ῶς
709 1361 824 1410 ὄντας
856 1361 1033 1415 κάπρους

447 1431 691 1484 μεμαγμένον
720 1434 825 1482 σκῶρ
859 1431 1019 1479 ἐσθίειν,
1052 1429 1152 1481 αὐτὴ
1185 1427 1214 1469 δ’
1246 1432 1404 1481 ἔματτεν
1434 1430 1581 1479 αὐτοῖς,

446 1497 658 1549 μιμήσομαι
705 1496 855 1545 πάντας
895 1496 1079 1550 τρόπους.
1141 1506 1346 1551 praeterea
1383 1503 1517 1539 confer
1553 1504 1658 1540 Ana-

241 1568 346 1606 xilae
377 1568 599 1606 comoediae
629 1566 834 1608 KIPKHC
863 1569 1127 1616 fragmentum
1157 1569 1293 1617 (Mein.
1325 1569 1400 1606 ΙΙΙ.
1434 1569 1531 1619 343)
1568 1565 1659 1614 τούς

244 1632 311 1683 μὲν
342 1630 599 1683 ὀρειονόμους
641 1629 753 1683 ὑμῶν
798 1631 952 1683 ποιήσει
995 1631 1192 1682 δελφάκας
1223 1630 1454 1685 ἠλιβάτους,
1497 1632 1587 1681 τούς
1618 1633 1659 1674 δὲ

244 1698 470 1752 πανθήρας.
510 1698 645 1746 ἄλλους
677 1698 878 1753 ἀγρώστας
898 1699 1054 1749 λύκους,
1086 1701 1252 1747 λέοντας.
1313 1704 1454 1755 Itaque
1484 1704 1657 1752 fidicina,

241 1783 343 1822 quae
375 1771 638 1820 Periphanem
678 1771 720 1807 in
764 1784 874 1807 suum
905 1776 1057 1820 patrem
1087 1775 1328 1818 mutaverat,
1371 1774 1544 1822 perbene
1575 1773 1660 1811 Cir-

243 1852 309 1876 cae
343 1838 575 1886 cognomine
605 1838 735 1875 deludi
772 1838 912 1888 potuit.

353 1905 448 1942 Tum
491 1906 530 1942 in
563 1918 681 1943 versu
713 1905 791 1942 673
824 1906 922 1943 alter
964 1919 1086 1943 senex
1117 1906 1334 1955 Apoecides
1365 1907 1466 1955 petit
1496 1920 1517 1944 a
1548 1907 1658 1944 Peri-

239 1974 387 2022 phane,
420 1986 469 2010 ne
501 1974 666 2011 adducat
696 1973 923 2022 Epidicum,
954 1987 1039 2011 cum
1071 1974 1138 2011 ille
1169 1975 1220 2012 sit
1248 1975 1364 2012 homo
1396 1975 1658 2023 perniciosus:

295 2043 433 2090 Apage
464 2041 574 2078 illum
607 2054 628 2078 a
659 2054 739 2085 me,
781 2054 869 2078 nam
900 2041 967 2078 ille
999 2041 1155 2092 quidem
1187 2042 1349 2079 Volcani
1380 2042 1508 2080 iratist
1538 2043 1660 2087 filius;

297 2109 462 2160 Quaqua
492 2108 629 2156 tangit,
663 2121 775 2145 omne
806 2108 986 2146 amburit.
1019 2121 1141 2158 prope
1172 2109 1253 2155 sist‚
1285 2114 1394 2148 aestu
1424 2110 1611 2147 calefacit.

352 2177 608 2225 Comparatur
639 2188 730 2223 ergo
762 2176 948 2226 Epidicus
979 2190 1064 2214 cum
1096 2176 1204 2225 igne,
1238 2177 1304 2227 qui
1337 2179 1545 2215 secundum
1577 2179 1660 2216 vol-

246 2248 371 2292 gatam
404 2244 509 2280 illam
541 2243 832 2292 metonymiam,
875 2244 921 2280 de
953 2256 1029 2294 qua
1060 2257 1176 2293 supra
1206 2245 1367 2292 egimus,
1399 2245 1561 2283 Volcani
1592 2259 1659 2285 vo-

246 2315 354 2349 catur
384 2311 506 2355 filius;
546 2314 675 2359 potest
715 2316 843 2348 autem
884 2311 986 2357 fieri,
1028 2315 1072 2348 ut
1102 2315 1228 2348 certus
1260 2311 1363 2349 filius
1394 2313 1554 2350 Volcani
1586 2314 1660 2351 hoc

244 2380 328 2416 loco
358 2379 610 2427 respiciatur;
654 2382 771 2429 atque
812 2384 973 2427 propter
1005 2378 1124 2415 illud:
1167 2392 1323 2430 quaqua
1358 2379 1504 2428 tangit,
1547 2393 1660 2418 omne

245 2446 436 2483 amburit:
474 2445 638 2482 forsitan
668 2446 811 2496 aliquis
843 2446 1012 2494 cogitare
1042 2446 1166 2494 possit
1196 2447 1242 2482 de
1272 2446 1501 2495 Spinthere,
1545 2461 1660 2498 quem

246 2514 368 2550 filium
400 2513 561 2550 Volcani
603 2525 686 2550 esse
718 2512 901 2562 Hyginus
941 2514 982 2550 in
1010 2513 1131 2550 fabul.
1169 2516 1244 2549 158
1276 2513 1387 2551 testis
1418 2518 1496 2561 est,
1527 2528 1660 2565 quam-

245 2594 360 2632 quam
392 2582 466 2618 hoc
496 2594 574 2617 non
605 2593 674 2629 pro
705 2593 798 2618 vero
828 2580 1032 2618 venditare
1062 2579 1173 2626 volo,
1213 2593 1301 2617 nam
1333 2585 1463 2629 potest
1492 2593 1576 2618 esse
1605 2582 1661 2619 fa-

244 2649 336 2686 bula
366 2648 478 2685 nobis
507 2648 600 2685 satis
629 2648 775 2696 ignota.
