1857 3089
810 205 1061 245 -2-

231 308 452 346 comoediae
482 308 647 356 proditis
678 307 887 345 memoriae
930 308 1004 344 hoc
1034 307 1263 355 intellegere
1294 307 1499 356 possimus.
1560 306 1646 347 Quo

227 376 269 412 in
300 388 461 413 numero
492 375 684 423 imprimis
715 375 879 412 Adolfus
902 374 1162 422 Kiesslingius
1192 378 1420 422 praeceptor
1450 374 1646 410 humanis-

228 443 348 480 simus
377 442 636 479 nominandus
667 448 745 488 est,
780 443 845 492 qui
878 447 922 478 ut
953 442 1044 478 ordo
1076 441 1397 489 philosophorum
1430 441 1551 477 almae
1584 440 1647 477 lit-

227 514 397 548 terarum
428 509 695 547 universitatis
733 508 1112 558 Gryphiswaldensis
1144 507 1472 544 commilitonibus
1503 520 1643 555 propo-

228 581 340 614 neret
361 577 640 626 quaestionem‚
673 589 749 627 qua
770 577 1070 621 examinaretur,
1102 575 1195 625 quid
1217 575 1257 610 in
1282 575 1412 611 Plauti
1436 574 1646 611 comoediis

230 645 277 680 ad
309 645 572 681 Romanorum
604 656 747 689 mores,
792 643 884 693 quid
915 644 962 679 ad
995 643 1228 679 Graecorum
1262 642 1446 679 instituta
1474 641 1645 677 referen-

230 712 319 747 dum
351 715 471 756 esset,
518 722 610 747 vere
641 711 732 746 anni
768 714 871 746 1880
904 709 1088 758 perfecit,
1130 721 1245 758 quam
1285 709 1332 745 ad
1373 708 1642 758 quaestionem

231 778 512 815 instituendam
536 777 820 814 commilitones
851 777 1023 825 praemio
1055 777 1182 823 posito
1214 776 1341 813 vocati
1373 780 1475 812 sunt.
1537 774 1641 814 Quo-

231 845 333 881 niam
376 849 457 881 tum
497 845 544 880 ad
575 845 676 880 hanc
716 857 797 880 rem
829 856 1032 890 aggressus
1073 855 1122 879 ex
1168 856 1212 879 eo
1245 847 1420 890 tempore
1463 854 1508 878 ea
1537 846 1643 878 totus

229 916 440 959 occupatus
472 925 568 955 sum,
600 912 672 947 hoc
703 910 946 947 intellexisse
979 911 1074 945 mihi
1105 910 1258 955 videor,
1299 909 1389 946 illos
1428 909 1534 946 viros
1564 921 1643 944 non

226 980 342 1027 plane
363 983 468 1015 recte
491 978 695 1025 judicasse,
720 977 899 1026 quamvis
930 981 1079 1013 tantum
1112 977 1214 1013 absit
1243 981 1287 1013 ut
1316 975 1459 1012 iudicia
1488 975 1643 1011 illorum

227 1046 446 1095 spernendo
480 1049 738 1089 contemnam,
770 1049 814 1081 ut
844 1048 979 1081 eontra
999 1044 1168 1081 libenter
1189 1044 1396 1080 concedam
1428 1055 1488 1079 me
1518 1042 1644 1090 primo

227 1114 409 1150 maluisse
440 1113 479 1148 in
503 1124 636 1149 eorum
668 1116 792 1149 castra
813 1111 992 1148 transire.
1052 1111 1125 1147 Sed
1147 1123 1381 1161 quamquam
1410 1121 1553 1157 negare
1574 1121 1642 1145 ne-

227 1182 383 1231 quimus
415 1180 767 1225 contaminatione,
815 1192 892 1229 qua
921 1192 1032 1215 usum
1064 1191 1147 1215 esse
1178 1178 1359 1214 Plautum
1392 1190 1442 1213 ex
1472 1177 1644 1225 prologis

227 1248 473 1285 Terentianis
512 1247 745 1295 accipimus,
793 1247 972 1283 effectum
1015 1259 1116 1292 esse,
1156 1252 1200 1283 ut
1237 1250 1354 1293 poeta
1394 1246 1556 1282 verbum
1598 1245 1644 1280 de

226 1318 347 1354 verbo
380 1328 607 1363 expressum
639 1314 779 1351 efferre
810 1327 887 1350 non
920 1319 1070 1362 posset,
1115 1326 1242 1363 neque
1284 1326 1355 1349 nos
1396 1312 1499 1359 fugit
1528 1311 1643 1347 Plau-

225 1389 307 1421 tum
340 1396 385 1420 ea
416 1395 477 1429 re,
511 1383 614 1433 quod
645 1380 745 1426 λέξιν
775 1383 875 1418 bene
906 1381 1109 1426 tractavit,
1151 1393 1228 1416 non
1261 1385 1364 1416 arcte
1395 1379 1643 1416 coniunctum

225 1464 308 1488 esse
339 1464 424 1488 cum
458 1450 614 1486 Graecis
653 1449 966 1497 exemplaribus,
1006 1452 1135 1485 tamen
1175 1448 1222 1483 ab
1265 1446 1393 1483 animo
1434 1446 1643 1493 impetrare

224 1533 301 1556 non
333 1531 502 1566 possum,
533 1522 576 1554 ut
606 1517 753 1554 infitier
784 1529 969 1552 summam
1000 1515 1306 1551 familiaritatem
1336 1512 1507 1550 inveniri
1539 1512 1644 1548 inter

225 1586 406 1622 Plautum
439 1589 478 1622 et
507 1589 642 1633 poetas
673 1584 859 1629 Graecos,
904 1584 1005 1633 quod
1036 1582 1093 1618 illi
1126 1586 1390 1629 negaverunt,
1431 1593 1517 1617 cum
1558 1592 1641 1616 eam

223 1654 327 1691 viam
358 1653 673 1701 ingrederentur,
724 1657 767 1688 ut
807 1656 1025 1688 statuerent
1065 1649 1246 1686 Plautum
1293 1660 1441 1685 summa
1481 1647 1641 1683 licentia

225 1735 338 1759 usum
366 1734 428 1757 res
449 1721 644 1756 Romanas
667 1718 823 1755 Graecis
852 1717 996 1754 fabulis
1016 1716 1238 1753 inseruisse.
1300 1719 1430 1765 Atque
1462 1719 1505 1751 ut
1536 1714 1640 1750 aliud

225 1790 370 1826 flumen
404 1789 539 1824 ducem
571 1798 631 1823 me
663 1790 890 1836 sequentem
934 1786 980 1821 ad
1026 1785 1141 1821 litora
1169 1783 1376 1831 pervenire
1407 1795 1520 1829 posse
1553 1794 1641 1818 cen—

228 1870 364 1902 serem,
396 1855 502 1892 hisce
535 1855 659 1892 causis
690 1858 888 1902 permotus
920 1865 1016 1889 sum.
1067 1851 1239 1887 Primum
1273 1850 1428 1899 quidem
1452 1849 1642 1885 Kiesslin-

227 1925 312 1971 gius
359 1936 419 1959 me
460 1923 593 1959 docuit
641 1934 690 1958 ex
737 1921 898 1969 prologo
941 1918 1199 1956 Terentianae
1246 1917 1423 1953 Eunuchi
1470 1917 1639 1953 fructum

228 1993 423 2042 quendam
456 1991 653 2026 abundare
693 1990 734 2024 in
766 1993 937 2025 nostram
970 1986 1305 2036 disquisitionem,
1349 1996 1437 2020 nam
1469 1997 1555 2020 cum
1586 1982 1641 2018 ibi

225 2059 400 2106 legamus
431 2070 497 2094 eos
519 2057 585 2106 qui
607 2056 790 2093 Terentio
822 2055 1056 2099 inviderent,
1088 2052 1232 2090 dixisse
1262 2052 1372 2088 illum
1393 2051 1531 2096 furem,
1562 2063 1641 2086 non

227 2133 383 2175 poetam
407 2138 501 2171 esse,
532 2125 639 2160 illam
672 2124 775 2160 enim
806 2123 978 2159 fabulam
1000 2121 1189 2157 Naevium
1223 2124 1261 2156 et
1282 2119 1463 2155 Plautum
1493 2117 1644 2163 fecisse,

227 2198 389 2241 apparet
419 2192 642 2230 Terentium
675 2196 713 2228 et
743 2191 922 2228 Plautum
955 2189 1115 2225 eandem
1146 2188 1316 2224 fabulam
1348 2186 1643 2234 conscripsisse3

227 2266 344 2310 atque
387 2260 702 2310 quandoquidem
744 2258 841 2294 illud
882 2256 1053 2293 Terentii
1097 2268 1182 2292 cum
1215 2255 1354 2291 Plauto
1397 2254 1644 2301 componitur

229 2333 346 2378 atque
378 2332 645 2375 comparatur,
687 2330 725 2363 et
764 2326 868 2362 inter
899 2337 1032 2361 omnes
1074 2328 1225 2359 constat
1255 2321 1478 2358 Terentium
1510 2320 1643 2357 stricte

229 2395 395 2431 Graecos
437 2398 610 2431 secutum
653 2406 758 2437 esse,
798 2392 927 2438 colligi
969 2403 1054 2427 mea
1093 2390 1249 2439 quidem
1281 2388 1475 2425 sententia
1504 2391 1643 2435 potest,

231 2462 413 2499 Plautum
446 2475 531 2498 cum
563 2460 745 2497 Terentio
778 2459 961 2496 collatum
1001 2458 1093 2495 item
1126 2470 1204 2492 non
1235 2456 1348 2493 valde
1380 2454 1592 2491 declinasse
1624 2466 1646 2489 a

229 2529 459 2565 Graecarum
503 2528 721 2565 fabularum
762 2526 849 2563 fide.
933 2524 1057 2564 Quam
1098 2523 1357 2571 suspicionem
1400 2522 1486 2558 aliis
1529 2522 1646 2558 rebus

230 2597 384 2632 firmare
416 2600 454 2632 et
485 2596 650 2643 probare
681 2607 896 2642 possumus,
929 2605 1017 2628 nam
1050 2591 1080 2628 si
1112 2592 1153 2627 in
1187 2590 1410 2626 Aululariae
1440 2601 1539 2626 vers.
1564 2589 1641 2624 715

229 2664 364 2701 Euclio
397 2676 418 2699 a
447 2663 732 2711 spectatoribus
760 2661 880 2709 petit,
912 2665 955 2697 ut
986 2660 1060 2696 sibi
1092 2660 1218 2695 furem
1250 2659 1528 2702 demonstrent,
1559 2655 1645 2692 tali-

229 2733 301 2769 bus
331 2731 462 2769 verbis
482 2745 489 2766 :
