1857 3089
745 204 1024 244 -11-

174 309 315 345 chante
346 306 580 344 Graecorum
610 320 756 355 augure
789 307 919 344 omnia
956 310 1048 343 nota
1079 310 1171 343 sunt
1212 319 1262 342 ex
1291 306 1433 351 Iliade;
1477 309 1595 356 atque

173 375 371 411 Porthaon
412 379 457 412 ut
487 378 599 423 pater
631 374 751 411 Oenei
790 375 831 411 in
862 373 1061 421 Euripidis
1091 373 1223 409 fabula
1255 373 1387 409 Oeneo
1418 373 1594 409 nomina-

176 447 238 479 tus
269 445 372 487 erat,
421 446 623 490 praeterea
653 448 781 479 autem
813 441 896 478 eius
927 441 1115 477 memoria
1154 445 1283 478 exstat
1319 440 1360 476 in
1392 439 1595 488 Eupolidis

174 508 309 545 fabula
345 504 509 554 Πόλεσι,
552 509 660 546 cuius
689 510 786 555 frag.
818 508 858 544 in
891 508 1012 545 schol.
1056 509 1102 544 ad
1134 508 1337 556 Aristoph.
1370 520 1452 544 ran.
1490 510 1589 543 1561

173 575 312 624 (Mein.
346 577 399 613 Π.
434 576 529 623 513)
563 576 617 612 sio
648 575 761 612 nobis
792 575 977 613 traditum
1009 579 1091 612 est:

443 638 515 679 οὐκ
547 638 714 692 ἀργαλέα
746 639 827 690 δῆτ’
859 639 939 678 ἐστὶ
970 638 1131 690 πάσχειν
1161 638 1267 677 ταῦτ’
1305 638 1382 688 ἐμὲ,

444 706 510 746 τόν
541 708 844 755 Λευκολοφίδου
875 708 998 746 παῖδα
1031 710 1099 746 τοῦ
1134 705 1402 757 Πορθάονοςς

175 779 354 815 Ceterum
388 790 480 825 prae
503 777 712 814 Calchante
742 777 847 814 illius
870 777 1106 814 Porthaonis
1136 777 1282 814 mentio
1315 778 1390 814 hoc
1421 776 1506 813 loco
1538 789 1597 812 sa-

172 844 222 881 tis
252 845 408 892 ignota;
452 845 698 882 Meineckius
739 857 896 896 quoque
934 846 958 882 l.
991 845 1015 882 l.
1059 858 1138 882 non
1181 845 1369 894 perspicit
1411 844 1503 894 quid
1546 845 1597 881 sit

173 913 276 962 quod
299 912 628 961 Leucolophidam
651 913 886 951 Porthaonis
913 913 1036 949 filium
1068 913 1216 950 fecerit.
1276 913 1470 960 Bergkius
1500 925 1593 949 vero

172 979 213 1015 in
245 980 496 1017 adnotatione
527 981 640 1018 dicit:
692 981 780 1018 Und
811 982 898 1017 dass
930 993 1017 1017 man
1049 980 1132 1018 sich
1164 981 1232 1017 der
1262 981 1495 1026 Bedeutung
1527 980 1595 1016 des

173 1047 344 1084 Namens
372 1048 478 1085 wohl
507 1049 679 1086 bewusst
707 1061 808 1094 war,
848 1049 953 1096 zeigt
984 1049 1045 1084 die
1077 1049 1307 1093 Anekdote‚
1340 1047 1488 1085 welche
1520 1047 1594 1083 Po-

172 1115 288 1162 lyaen
320 1115 388 1152 VI.
425 1118 468 1161 1,
502 1120 523 1152 6
563 1129 639 1153 von
675 1116 891 1162 Meriones,
937 1117 1023 1152 dem
1067 1116 1150 1152 sein
1184 1116 1335 1152 Bruder
1364 1116 1483 1152 Jason
1515 1128 1593 1152 von

172 1182 344 1228 Pherae,
390 1183 579 1220 nachdem
611 1197 652 1220 er
689 1184 757 1219 ihu
790 1196 912 1221 zuvor
943 1183 1129 1220 heimlich
1171 1183 1301 1220 seiner
1331 1182 1497 1219 Schatze
1529 1183 1595 1218 be-

173 1250 289 1287 raubt
330 1250 456 1295 hatte,
497 1251 642 1287 seinem
690 1252 787 1288 eben
831 1252 1053 1298 geborenen
1095 1251 1201 1288 Sohn
1244 1251 1317 1286 den
1357 1250 1506 1286 Namen
1548 1263 1597 1286 zu

172 1318 298 1364 geben
329 1318 464 1365 gebot‚
497 1318 667 1356 erz'ahlt:
700 1314 913 1366 Μηριόνης
944 1316 998 1362 δέ,
1032 1314 1168 1364 ἐπειδή
1203 1331 1259 1361 τις
1289 1312 1459 1367 ἤγγειλεν
1491 1311 1596 1367 αὐτῷ

173 1385 460 1434 πεπορθῆσθαι
491 1380 559 1432 τὴν
594 1384 733 1429 οἰκίαν,
768 1381 974 1433 δεξάμενος
1004 1382 1046 1423 τό
1080 1377 1292 1433 οἰώνισμα,
1325 1380 1450 1432 ὄνομα
1482 1383 1596 1421 ἔθετο

172 1453 224 1502 τῷ
255 1451 400 1504 παιδίῳ
437 1450 669 1501 Πορθάονα.
732 1457 862 1504 Atque
896 1454 1223 1492 Wilamowitzius
1254 1454 1296 1490 in
1329 1452 1593 1501 Luetjohanni

173 1521 220 1556 de
251 1521 394 1569 Apulei
427 1522 473 1558 de
507 1523 588 1559 Deo
621 1523 790 1560 Socratis
819 1522 920 1560 libro
953 1523 1215 1560 dissertation.
1248 1535 1309 1570 pg.
1345 1526 1395 1558 38
1437 1521 1595 1570 <Gryps.

180 1588 281 1625 1878
304 1589 453 1638 progr.)
484 1603 641 1627 censere
672 1591 841 1637 videtur,
873 1591 935 1627 his
965 1590 1061 1628 locis
1083 1591 1321 1628 Porthaonis
1352 1603 1494 1627 nomen
1527 1602 1597 1637 per

173 1657 435 1706 metonymiae
467 1657 630 1705 figuram
662 1671 732 1706 pro
764 1662 961 1695 vastatore
993 1658 1182 1695 adhiberi.

287 1724 513 1774 Sequuntur
542 1738 678 1762 versus
707 1729 785 1762 836
810 1739 902 1776 eqs.,
936 1727 1001 1763 ubi
1024 1726 1289 1775 Syracusanus
1322 1725 1598 1762 Menaechmus

173 1791 359 1828 simulans
390 1792 580 1828 insaniam
612 1801 655 1829 ut
686 1794 904 1830 absterreat
934 1806 1109 1830 socerum
1140 1793 1274 1830 fratris
1305 1793 1418 1830 dicit:

174 1859 281 1895 Euoe
304 1860 466 1904 Bacche,
499 1860 576 1896 heu
607 1860 772 1906 Bromie,
806 1874 883 1911 quo
915 1874 975 1897 me
1006 1862 1047 1897 in
1079 1861 1218 1899 silvam
1249 1867 1433 1898 venatum
1465 1872 1593 1896 vocas.

172 1927 218 1962 ad
251 1939 366 1977 quem
396 1939 551 1964 versum
582 1928 759 1965 adscribo
801 1928 890 1965 illos
934 1941 983 1964 ex
1023 1929 1222 1977 Euripidis
1263 1928 1424 1965 Bacchis
1465 1927 1598 1964 fabula

173 1998 348 2042 sumptos
379 1994 505 2042 (1189
539 1995 656 2044 eqs.):

500 2055 521 2097 ὅ
554 2057 723 2110 Βάκχιος
753 2060 967 2112 κυναγέτας
998 2058 1123 2110 σοφὸς
1155 2064 1290 2109 σοφῶς

499 2123 654 2178 ἀνέπηλ’
685 2128 746 2167 ἐπὶ
779 2127 888 2183 θήρα

500 2196 616 2234 τοῦδε
647 2194 871 2242 Μαινάδας.

172 2262 319 2300 Versus
352 2266 572 2302 840—860
605 2271 845 2316 sequuntur:

257 2331 356 2367 Ecce
386 2332 527 2379 Apollo
559 2333 655 2369 mihi
687 2346 736 2370 ex
767 2334 895 2371 oraclo
925 2334 1104 2382 imperat,

256 2398 308 2435 Ut
338 2412 409 2445 ego
440 2400 521 2437 illic
552 2401 683 2438 oculos
714 2413 874 2438 exuram
906 2401 1149 2450 lampadibus
1180 2402 1418 2438 ardentibus.

259 2495 401 2504 ......
433 2468 546 2505 Nunc
577 2469 680 2505 hunc
710 2469 1015 2517 impurissimum

312 2534 522 2571 Barbatum
551 2536 758 2572 tremulum
789 2536 1012 2582 Tithonum,
1046 2536 1112 2587 qui
1145 2537 1247 2573 cluet
1277 2536 1423 2573 Cucino
1456 2539 1566 2584 patre

314 2602 376 2638 Ita
406 2602 502 2637 mihi
535 2602 714 2650 imperas,
747 2609 790 2640 ut
822 2617 893 2651 ego
926 2604 1040 2641 huius
1071 2605 1244 2640 membra
1273 2608 1391 2654 atque
1423 2616 1509 2640 ossa
1538 2608 1596 2640 at-

1171 2684 1246 2721 que
1279 2676 1391 2708 artua

314 2736 581 2774 Comminuam
612 2737 679 2774 illo
712 2738 897 2787 scipione,
930 2750 1045 2788 quem
1076 2738 1161 2786 ipse
1193 2739 1321 2775 habet.
