1857 3089
816 196 1093 236 -10-

519 294 598 333 Καὶ
629 293 737 334 κύων
768 292 988 346 οἷκροῖχολος

511 358 676 411 Ἑκάτης
707 360 856 414 ἄγαλμα
887 361 1106 414 φωςφόρου
1136 362 1359 415 γενήσομαι.

246 430 387 466 Canem
440 443 522 468 esse
568 426 732 479 Ἑκάτης
776 427 927 481 ἄγαλμα
968 438 1130 481 apparet
1170 446 1220 470 ex
1260 434 1431 471 Bekkeri
1474 436 1661 473 Anecdot.

243 509 281 544 p.
315 497 406 542 327,
445 501 512 534 13:
547 494 768 548 Ἀγάλματα
797 494 983 547 Ἑκάτης·
1016 498 1058 535 αἰ
1085 496 1209 543 κύνες.
1243 496 1410 537 θύονται
1444 497 1515 551 γὰρ
1547 496 1659 554 αὐτῇ.

245 564 395 600 Ibidem
426 578 463 612 p.
500 568 592 611 336,
626 569 698 603 31:
751 561 901 616 ἄγαλμα
931 562 1095 614 Ἑκάτης
1124 563 1195 614 τήν
1225 563 1325 604 κύνα
1356 563 1480 611 οὕτως
1511 567 1662 617 εἴρηκεν

246 624 536 679 Ἀριστοφάνης
567 628 630 668 δια
661 629 703 669 τό
737 631 974 683 ἐκφέρεσθαι
1004 635 1049 687 τῇ
1079 629 1221 687 Ἑκάτῃ
1241 630 1374 678 κύνας.

360 700 530 736 Eandem
564 713 645 737 rem
676 702 803 750 tangit
832 702 1116 751 Aristophanes
1145 703 1187 739 in
1219 704 1316 739 Ran.
1348 716 1404 740 vs.
1439 706 1540 740 293:

505 761 578 803 ἄλλ’
611 762 736 804 οὐκέτ’
767 760 818 804 αὖ
850 765 949 818 γυνὴ
980 769 1089 812 ’oum
1123 764 1202 806 ἄλλ’
1232 764 1309 817 ἤδη
1341 765 1456 806 κύων.

243 837 363 882 atque
395 834 597 871 Hecubam
628 837 676 872 ab
710 837 859 874 Hecate
897 837 938 873 in
970 850 1103 874 canem
1135 842 1321 876 mutatam
1353 851 1458 884 esse,
1495 837 1661 885 legimus

244 899 284 935 in
319 900 514 949 Lycophr.
547 903 759 939 Alexandr.
797 904 900 939 1174
933 917 1035 954 eqs.:

513 960 545 1004 ὦ
574 970 707 1017 μῆτερ,
741 961 771 1006 ὦ
803 965 1009 1019 δύςμητερ,
1042 967 1135 1008 οὐδὲ
1166 966 1238 1008 σόν
1268 969 1378 1015 κλέος

512 1031 686 1073 ἄπυστον
717 1035 834 1082 ἔσται,
874 1036 1056 1086 Περσέως
1087 1035 1129 1075 δὲ
1161 1036 1362 1088 παρθένος

517 1100 652 1152 Βριμώ
691 1104 917 1153 Τρίμορφος
947 1103 1111 1153 θήσεται
1141 1103 1173 1142 6'
1215 1104 1394 1143 ἐπωπὶὃα

514 1172 714 1221 κλαγγαῖσι
741 1168 1044 1221 ταρμύσσουσαν
1075 1170 1251 1221 ἐννύχοις
1281 1169 1458 1222 βροτούς.

242 1237 288 1273 cf.
320 1237 522 1276 Scholiast.
555 1240 602 1275 ad
633 1240 703 1276 hos
728 1252 885 1277 versus:
918 1237 1005 1289 περὶ
1037 1235 1228 1288 Ἐκάβης;
1259 1247 1340 1278 tum
1374 1241 1420 1278 cf.
1446 1241 1558 1279 Ovid.
1581 1241 1663 1277 Me-

241 1306 432 1353 tamorph.
465 1306 583 1343 XIII.
614 1321 649 1343 v.
687 1310 926 1353 555-575,
968 1308 1036 1358 qui
1066 1308 1196 1345 hausti
1229 1313 1319 1345 sunt
1351 1320 1400 1344 ex
1430 1308 1539 1344 fonte
1571 1307 1661 1344 Ale-

241 1373 453 1418 xandrino,
488 1374 656 1424 denique
693 1376 739 1411 cf.
773 1375 924 1423 Dictyis
956 1376 1150 1413 Cretensis
1180 1375 1272 1412 belli
1303 1376 1460 1412 Troiani
1494 1375 1580 1411 libr.
1615 1375 1660 1420 V,

241 1453 301 1487 cp.
331 1444 399 1477 16:
432 1441 610 1478 Ceterum
642 1448 731 1490 post
759 1443 979 1479 abscessum
1002 1443 1109 1480 Ulixi
1140 1443 1314 1488 Hecuba,
1350 1455 1426 1492 quo
1459 1442 1662 1479 servitium

240 1513 363 1544 morte
396 1508 575 1554 solveret,
606 1510 729 1546 multa
758 1510 935 1557 ingerere
968 1511 1174 1547 maledicta
1204 1510 1489 1560 imprecatique
1515 1508 1661 1545 infesta

243 1575 373 1611 omina
405 1576 444 1611 in
478 1577 713 1613 exercitum:
756 1590 832 1627 qua
872 1590 913 1613 re
945 1583 1072 1614 motus
1104 1577 1214 1614 miles
1245 1577 1440 1625 lapidibus
1484 1577 1661 1613 obrutam

241 1655 323 1678 eam
368 1649 481 1680 necat
511 1644 810 1694 sepulcrumque
853 1645 953 1692 apud
986 1645 1168 1694 Abydum
1209 1645 1393 1681 statuitur
1423 1643 1660 1692 appellatum

241 1710 478 1758 Cynossema
508 1711 555 1746 ob
579 1710 735 1757 linguae
757 1711 994 1759 proterviam
1018 1712 1362 1761 impudentemque
1385 1711 1660 1759 pedulantiam.

240 1781 371 1827 Atque
394 1778 629 1826 Cynossema
661 1779 903 1816 nominatum
936 1779 1010 1814 iam
1044 1779 1186 1826 legitur
1217 1779 1317 1827 apud
1340 1778 1578 1826 Euripidem,
1611 1777 1660 1814 cf.

241 1845 392 1882 Hecub.
429 1847 533 1881 1272
567 1859 669 1896 eqs.:

514 1912 699 1949 Θανοῦσα
730 1908 865 1964 τύμβῳ
899 1912 931 1949 ὁ’
967 1909 1091 1961 ὄνομα
1123 1909 1192 1950 cdv
1223 1909 1456 1960 κεκλήσεται.

508 2003 563 2007 -
596 1981 774 2029 Μορφῆς
807 1977 1003 2031 ἐμπῳδόν,
1037 1976 1062 2028 ἢ
1092 1980 1126 2017 τί
1156 1982 1223 2029 τῆς
1255 1979 1348 2029 ἐμῆς
1380 1978 1503 2029 ἐρεῖς,·
1536 2002 1590 2008 —-

513 2043 644 2091 Κυνὸς
686 2048 866 2095 ταλαίνης
920 2049 1022 2095 σῆμα
1072 2048 1263 2091 ναυτίλοις
1312 2045 1468 2096 τέκμαρ.
1541 2052 1658 2098 atque

241 2115 549 2152 Atheniensibus
580 2128 659 2152 non
691 2116 867 2163 ignotum
907 2120 989 2152 erat
1029 2121 1188 2164 propter
1218 2116 1484 2164 possessiones
1513 2115 1554 2151 in
1585 2115 1659 2152 hoc

239 2182 336 2220 loco.
388 2182 540 2219 Deinde
562 2183 610 2220 cf.
632 2183 780 2221 Polluo.
804 2183 847 2228 V,
874 2187 906 2220 5.
959 2183 1034 2220 Sed
1056 2184 1149 2233 quid
1170 2184 1301 2220 verbis
1325 2197 1421 2232 opus
1443 2188 1511 2229 est,
1543 2183 1658 2219 Plau-

238 2258 300 2287 tus
340 2252 424 2299 ipse
465 2250 707 2297 testificatur,
749 2251 852 2287 unde
890 2251 1064 2288 hauserit
1103 2251 1198 2287 illud
1242 2264 1328 2288 cum
1359 2251 1507 2288 adfert:
1551 2250 1657 2287 Graii

203 2343 206 2345 >
240 2319 527 2366 praedicabant.

353 2385 448 2422 Tum
480 2387 521 2422 in
552 2399 609 2422 vs.
644 2387 721 2422 743
756 2387 1034 2423 Menaechmus
1064 2386 1271 2434 profitetur
1309 2398 1349 2422 se
1380 2396 1580 2434 nunquam
1610 2384 1656 2420 il-

238 2452 313 2488 lam
344 2453 528 2489 feminam
559 2453 704 2490 vidisse
735 2466 863 2503 neque
895 2454 1070 2490 novisse:

509 2533 580 2568 ego
621 2527 659 2557 te
690 2521 821 2557 simitu
848 2521 938 2557 novi
971 2533 1057 2557 cum
1090 2520 1333 2564 Porthaone;

238 2592 356 2638 atque
386 2588 500 2636 paulo
531 2594 620 2636 post
649 2601 705 2625 vs.
740 2588 843 2624 748:

674 2656 768 2693 novi
800 2668 885 2692 cum
917 2655 1058 2692 Calcha
1088 2655 1224 2692 simul:

353 2723 487 2759 eodem
519 2723 580 2759 die
610 2722 721 2759 illum
751 2723 844 2768 vidi,
878 2735 954 2773 quo
986 2729 1024 2760 te
1056 2729 1146 2760 ante
1177 2723 1282 2760 hunc
1313 2722 1427 2760 diem.
1489 2723 1547 2758 De
1569 2721 1653 2759 Cal-
