<?xml version="1.0" encoding="UTF-8"?>
<!DOCTYPE html PUBLIC "-//W3C//DTD XHTML 1.0 Transitional//EN"
    "http://www.w3.org/TR/xhtml1/DTD/xhtml1-transitional.dtd">
<html xmlns="http://www.w3.org/1999/xhtml" xml:lang="en" lang="en">
 <head>
  <title>
</title>
<meta http-equiv="Content-Type" content="text/html;charset=utf-8" />
  <meta name='ocr-system' content='tesseract 3.04.00' />
  <meta name='ocr-capabilities' content='ocr_page ocr_carea ocr_par ocr_line ocrx_word'/>
</head>
<body>
  <div class='ocr_page' id='page_1' title='image "./dehistoriafabula00osteuoft_0036.png"; bbox 0 0 1857 3089; ppageno 0'>
   <div class='ocr_carea' id='block_1_1' title="bbox 780 218 1056 258">
    <p class='ocr_par' dir='ltr' id='par_1_1' title="bbox 780 218 1056 258">
     <span class='ocr_line' id='line_1_1' title="bbox 780 218 1056 258; baseline 0.011 -15"><span class='ocrx_word' id='word_1_1' title='bbox 780 218 1056 258; x_wconf 66' lang='lat'>..28—</span> 
     </span>
    </p>
   </div>
   <div class='ocr_carea' id='block_1_2' title="bbox 206 305 1631 2729">
    <p class='ocr_par' dir='ltr' id='par_1_2' title="bbox 206 305 1631 1181">
     <span class='ocr_line' id='line_1_2' title="bbox 210 305 1622 375; baseline 0.013 -29"><span class='ocrx_word' id='word_1_2' title='bbox 210 305 360 361; x_wconf 80' lang='grc' dir='ltr'><em>ὖδρίαν,</em></span> <span class='ocrx_word' id='word_1_3' title='bbox 393 308 547 358; x_wconf 75' lang='grc' dir='ltr'><strong><em>ἐνόντος</em></strong></span> <span class='ocrx_word' id='word_1_4' title='bbox 577 312 617 352; x_wconf 86' lang='grc' dir='ltr'>ἔν</span> <span class='ocrx_word' id='word_1_5' title='bbox 639 311 737 370; x_wconf 77' lang='grc' dir='ltr'><em>αὐτῇ</em></span> <span class='ocrx_word' id='word_1_6' title='bbox 768 317 835 355; x_wconf 85' lang='grc' dir='ltr'>καὶ</span> <span class='ocrx_word' id='word_1_7' title='bbox 856 314 1011 365; x_wconf 72' lang='grc' dir='ltr'><em>ὕδατος,</em></span> <span class='ocrx_word' id='word_1_8' title='bbox 1044 321 1208 370; x_wconf 82' lang='grc' dir='ltr'><em>καθίησι</em></span> <span class='ocrx_word' id='word_1_9' title='bbox 1237 324 1313 360; x_wconf 75' lang='grc' dir='ltr'><em>τῶν</em></span> <span class='ocrx_word' id='word_1_10' title='bbox 1341 319 1622 375; x_wconf 76' lang='grc' dir='ltr'><em>Ἀριστοδήμου</em></span> 
     </span>
     <span class='ocr_line' id='line_1_3' title="bbox 210 378 1624 438; baseline 0.012 -25"><span class='ocrx_word' id='word_1_11' title='bbox 210 378 361 415; x_wconf 78' lang='grc' dir='ltr'><em>παίδων</em></span> <span class='ocrx_word' id='word_1_12' title='bbox 377 378 441 416; x_wconf 81' lang='grc' dir='ltr'>καὶ</span> <span class='ocrx_word' id='word_1_13' title='bbox 463 378 717 431; x_wconf 80' lang='grc' dir='ltr'><strong><em>Κρεσφόντου</em></strong></span> <span class='ocrx_word' id='word_1_14' title='bbox 736 381 827 429; x_wconf 74' lang='grc' dir='ltr'>τούς</span> <span class='ocrx_word' id='word_1_15' title='bbox 844 383 991 431; x_wconf 79' lang='grc' dir='ltr'><em>πάλους</em></span> <span class='ocrx_word' id='word_1_16' title='bbox 1011 385 1073 425; x_wconf 80' lang='grc' dir='ltr'>ἐπὶ</span> <span class='ocrx_word' id='word_1_17' title='bbox 1092 387 1347 438; x_wconf 80' lang='grc' dir='ltr'><em>διειρημένοις</em></span> <span class='ocrx_word' id='word_1_18' title='bbox 1369 419 1509 430; x_wconf 91' lang='grc'><strong>......</strong></span> <span class='ocrx_word' id='word_1_19' title='bbox 1532 388 1624 438; x_wconf 70' lang='grc' dir='ltr'><em>τους</em></span> 
     </span>
     <span class='ocr_line' id='line_1_4' title="bbox 210 441 1623 510; baseline 0.012 -30"><span class='ocrx_word' id='word_1_20' title='bbox 210 441 278 492; x_wconf 81' lang='grc' dir='ltr'>μὲν</span> <span class='ocrx_word' id='word_1_21' title='bbox 310 442 357 493; x_wconf 80' lang='grc' dir='ltr'>δή</span> <span class='ocrx_word' id='word_1_22' title='bbox 379 443 527 492; x_wconf 78' lang='grc' dir='ltr'><em>πάλους</em></span> <span class='ocrx_word' id='word_1_23' title='bbox 549 478 662 488; x_wconf 89' lang='grc'><strong>.....</strong></span> <span class='ocrx_word' id='word_1_24' title='bbox 684 445 966 502; x_wconf 77' lang='grc' dir='ltr'><em>Ἀριστοδήμου</em></span> <span class='ocrx_word' id='word_1_25' title='bbox 998 453 1108 492; x_wconf 87' lang='grc' dir='ltr'><em>παισὶ</em></span> <span class='ocrx_word' id='word_1_26' title='bbox 1129 454 1248 505; x_wconf 79' lang='grc' dir='ltr'><em>ξηρᾶς</em></span> <span class='ocrx_word' id='word_1_27' title='bbox 1269 451 1347 494; x_wconf 76' lang='grc' dir='ltr'>ὖπό</span> <span class='ocrx_word' id='word_1_28' title='bbox 1370 453 1494 506; x_wconf 74' lang='grc' dir='ltr'><em>ἡλίου,</em></span> <span class='ocrx_word' id='word_1_29' title='bbox 1530 461 1623 510; x_wconf 84' lang='grc' dir='ltr'><em>Κρε-</em></span> 
     </span>
     <span class='ocr_line' id='line_1_5' title="bbox 210 508 1624 572; baseline 0.012 -25"><span class='ocrx_word' id='word_1_30' title='bbox 210 508 360 566; x_wconf 75' lang='grc' dir='ltr'><em>σφόντῃ</em></span> <span class='ocrx_word' id='word_1_31' title='bbox 392 511 433 550; x_wconf 80' lang='grc' dir='ltr'>δὲ</span> <span class='ocrx_word' id='word_1_32' title='bbox 454 511 578 564; x_wconf 81' lang='grc' dir='ltr'><strong><em>ὀπτῆς</em></strong></span> <span class='ocrx_word' id='word_1_33' title='bbox 604 517 698 567; x_wconf 89' lang='grc' dir='ltr'><em>πυρί</em></span> <span class='ocrx_word' id='word_1_34' title='bbox 728 549 735 556; x_wconf 91' lang='grc'><strong>.</strong></span> <span class='ocrx_word' id='word_1_35' title='bbox 768 515 830 556; x_wconf 70' lang='grc' dir='ltr'><em>ὅτε</em></span> <span class='ocrx_word' id='word_1_36' title='bbox 862 516 910 569; x_wconf 72' lang='grc' dir='ltr'>δή</span> <span class='ocrx_word' id='word_1_37' title='bbox 931 522 1007 558; x_wconf 82' lang='grc' dir='ltr'><em>τῶν</em></span> <span class='ocrx_word' id='word_1_38' title='bbox 1025 516 1308 572; x_wconf 84' lang='grc' dir='ltr'><em>Ἀριστοδήμου</em></span> <span class='ocrx_word' id='word_1_39' title='bbox 1329 525 1480 562; x_wconf 82' lang='grc' dir='ltr'><em>παίδων</em></span> <span class='ocrx_word' id='word_1_40' title='bbox 1502 522 1624 572; x_wconf 79' lang='grc' dir='ltr'><em>πάλος</em></span> 
     </span>
     <span class='ocr_line' id='line_1_6' title="bbox 207 577 1623 642; baseline 0.011 -28"><span class='ocrx_word' id='word_1_41' title='bbox 207 577 479 629; x_wconf 80' lang='grc' dir='ltr'><em>κατετέτηκτο,</em></span> <span class='ocrx_word' id='word_1_42' title='bbox 522 581 587 620; x_wconf 81' lang='grc' dir='ltr'>καὶ</span> <span class='ocrx_word' id='word_1_43' title='bbox 620 579 641 621; x_wconf 79' lang='grc' dir='ltr'>ό</span> <span class='ocrx_word' id='word_1_44' title='bbox 676 583 931 637; x_wconf 83' lang='grc' dir='ltr'><em>Κρεσφόντης</em></span> <span class='ocrx_word' id='word_1_45' title='bbox 961 585 1064 626; x_wconf 67' lang='grc' dir='ltr'><em>οὕτω</em></span> <span class='ocrx_word' id='word_1_46' title='bbox 1094 586 1219 639; x_wconf 69' lang='grc' dir='ltr'><em>λαχών</em></span> <span class='ocrx_word' id='word_1_47' title='bbox 1250 592 1320 641; x_wconf 84' lang='grc' dir='ltr'>γῆν</span> <span class='ocrx_word' id='word_1_48' title='bbox 1351 590 1513 642; x_wconf 80' lang='grc' dir='ltr'><em>αἱρεῖται</em></span> <span class='ocrx_word' id='word_1_49' title='bbox 1555 589 1623 642; x_wconf 76' lang='grc' dir='ltr'><em>τὴν</em></span> 
     </span>
     <span class='ocr_line' id='line_1_7' title="bbox 212 646 1625 708; baseline 0.012 -27"><span class='ocrx_word' id='word_1_50' title='bbox 212 646 457 695; x_wconf 85' lang='grc' dir='ltr'><em>Μεσσηνίαν.</em></span> <span class='ocrx_word' id='word_1_51' title='bbox 521 650 630 691; x_wconf 79' lang='lat' dir='ltr'>Quae</span> <span class='ocrx_word' id='word_1_52' title='bbox 660 653 791 691; x_wconf 85' lang='lat' dir='ltr'>fabula</span> <span class='ocrx_word' id='word_1_53' title='bbox 831 669 946 706; x_wconf 90' lang='lat' dir='ltr'>quam</span> <span class='ocrx_word' id='word_1_54' title='bbox 977 657 1140 695; x_wconf 81' lang='lat' dir='ltr'>celebris</span> <span class='ocrx_word' id='word_1_55' title='bbox 1179 659 1281 707; x_wconf 85' lang='lat' dir='ltr'>apud</span> <span class='ocrx_word' id='word_1_56' title='bbox 1313 659 1464 697; x_wconf 81' lang='lat' dir='ltr'>Atticos</span> <span class='ocrx_word' id='word_1_57' title='bbox 1494 662 1625 708; x_wconf 84' lang='lat' dir='ltr'>fuerit,</span> 
     </span>
     <span class='ocr_line' id='line_1_8' title="bbox 208 718 1625 776; baseline 0.011 -26"><span class='ocrx_word' id='word_1_58' title='bbox 208 720 425 754; x_wconf 85' lang='lat' dir='ltr'>monstrant</span> <span class='ocrx_word' id='word_1_59' title='bbox 447 718 643 767; x_wconf 85' lang='lat' dir='ltr'>Euripidis</span> <span class='ocrx_word' id='word_1_60' title='bbox 663 721 816 758; x_wconf 85' lang='lat' dir='ltr'>fabulae</span> <span class='ocrx_word' id='word_1_61' title='bbox 838 723 1028 761; x_wconf 84' lang='lat' dir='ltr'>Temenus</span> <span class='ocrx_word' id='word_1_62' title='bbox 1050 730 1088 762; x_wconf 88' lang='lat' dir='ltr'>et</span> <span class='ocrx_word' id='word_1_63' title='bbox 1109 726 1391 774; x_wconf 80' lang='lat' dir='ltr'>Cresphontes:</span> <span class='ocrx_word' id='word_1_64' title='bbox 1423 731 1625 776; x_wconf 84' lang='lat' dir='ltr'>praeterea</span> 
     </span>
     <span class='ocr_line' id='line_1_9' title="bbox 211 783 1624 845; baseline 0.011 -28"><span class='ocrx_word' id='word_1_65' title='bbox 211 794 293 818; x_wconf 85' lang='lat' dir='ltr'>eam</span> <span class='ocrx_word' id='word_1_66' title='bbox 316 783 538 823; x_wconf 75' lang='lat' dir='ltr'>invenimus</span> <span class='ocrx_word' id='word_1_67' title='bbox 569 787 609 823; x_wconf 90' lang='lat' dir='ltr'>in</span> <span class='ocrx_word' id='word_1_68' title='bbox 636 788 864 835; x_wconf 81' lang='lat' dir='ltr'>fragmentis</span> <span class='ocrx_word' id='word_1_69' title='bbox 886 792 1083 840; x_wconf 87' lang='lat' dir='ltr'>Euripidis</span> <span class='ocrx_word' id='word_1_70' title='bbox 1113 794 1214 841; x_wconf 89' lang='lat' dir='ltr'>apud</span> <span class='ocrx_word' id='word_1_71' title='bbox 1236 794 1465 831; x_wconf 80' lang='lat' dir='ltr'>Strabonem</span> <span class='ocrx_word' id='word_1_72' title='bbox 1497 796 1624 845; x_wconf 86' lang='lat' dir='ltr'><strong>(VIII.</strong></span> 
     </span>
     <span class='ocr_line' id='line_1_10' title="bbox 210 852 1624 908; baseline 0.009 -23"><span class='ocrx_word' id='word_1_73' title='bbox 210 852 244 884; x_wconf 87' lang='lat'>4.</span> <span class='ocrx_word' id='word_1_74' title='bbox 267 862 330 897; x_wconf 88' lang='lat' dir='ltr'>pg.</span> <span class='ocrx_word' id='word_1_75' title='bbox 355 852 463 901; x_wconf 87' lang='lat'>563),</span> <span class='ocrx_word' id='word_1_76' title='bbox 496 866 585 890; x_wconf 86' lang='lat' dir='ltr'>nam</span> <span class='ocrx_word' id='word_1_77' title='bbox 616 855 670 891; x_wconf 89' lang='lat' dir='ltr'>ibi</span> <span class='ocrx_word' id='word_1_78' title='bbox 701 855 885 903; x_wconf 86' lang='lat' dir='ltr'>legimus:</span> <span class='ocrx_word' id='word_1_79' title='bbox 920 856 1005 908; x_wconf 77' lang='grc' dir='ltr'><em>περὶ</em></span> <span class='ocrx_word' id='word_1_80' title='bbox 1040 856 1080 895; x_wconf 82' lang='grc' dir='ltr'>δὲ</span> <span class='ocrx_word' id='word_1_81' title='bbox 1102 860 1170 908; x_wconf 85' lang='grc' dir='ltr'><em>τῆς</em></span> <span class='ocrx_word' id='word_1_82' title='bbox 1201 856 1357 906; x_wconf 81' lang='grc' dir='ltr'><em>φύσεως</em></span> <span class='ocrx_word' id='word_1_83' title='bbox 1387 863 1465 898; x_wconf 77' lang='grc' dir='ltr'><em>τῶν</em></span> <span class='ocrx_word' id='word_1_84' title='bbox 1493 858 1624 900; x_wconf 87' lang='grc' dir='ltr'><em>τόπων</em></span> 
     </span>
     <span class='ocr_line' id='line_1_11' title="bbox 206 913 1626 979; baseline 0.011 -29"><span class='ocrx_word' id='word_1_85' title='bbox 206 913 272 951; x_wconf 88' lang='grc' dir='ltr'>καὶ</span> <span class='ocrx_word' id='word_1_86' title='bbox 297 913 447 954; x_wconf 81' lang='grc' dir='ltr'><em>τούτων</em></span> <span class='ocrx_word' id='word_1_87' title='bbox 479 918 542 956; x_wconf 82' lang='grc' dir='ltr'><em>καὶ</em></span> <span class='ocrx_word' id='word_1_88' title='bbox 569 923 644 957; x_wconf 80' lang='grc' dir='ltr'><em>τῶν</em></span> <span class='ocrx_word' id='word_1_89' title='bbox 677 922 963 971; x_wconf 81' lang='grc' dir='ltr'><em>Μεσσηνιακῶν</em></span> <span class='ocrx_word' id='word_1_90' title='bbox 986 927 1103 962; x_wconf 85' lang='grc' dir='ltr'><em>ταῦτα</em></span> <span class='ocrx_word' id='word_1_91' title='bbox 1130 923 1198 974; x_wconf 80' lang='grc' dir='ltr'>μὲν</span> <span class='ocrx_word' id='word_1_92' title='bbox 1229 922 1466 965; x_wconf 71' lang='grc' dir='ltr'><em>ἀποδεκτέον</em></span> <span class='ocrx_word' id='word_1_93' title='bbox 1498 925 1626 979; x_wconf 81' lang='grc' dir='ltr'><em>λεγόν-</em></span> 
     </span>
     <span class='ocr_line' id='line_1_12' title="bbox 207 978 1626 1046; baseline 0.009 -27"><span class='ocrx_word' id='word_1_94' title='bbox 207 978 279 1027; x_wconf 85' lang='grc' dir='ltr'><em>τος’</em></span> <span class='ocrx_word' id='word_1_95' title='bbox 313 985 624 1035; x_wconf 83' lang='grc' dir='ltr'><em>Ευριπίδου·</em></span> <span class='ocrx_word' id='word_1_96' title='bbox 658 988 724 1026; x_wconf 81' lang='grc' dir='ltr'>καὶ</span> <span class='ocrx_word' id='word_1_97' title='bbox 760 985 914 1039; x_wconf 66' lang='grc' dir='ltr'><em>ὑποβάς</em></span> <span class='ocrx_word' id='word_1_98' title='bbox 946 994 1022 1029; x_wconf 80' lang='grc' dir='ltr'><em>τῶν</em></span> <span class='ocrx_word' id='word_1_99' title='bbox 1056 990 1188 1031; x_wconf 76' lang='grc' dir='ltr'><em>πάλων</em></span> <span class='ocrx_word' id='word_1_100' title='bbox 1210 992 1331 1043; x_wconf 84' lang='grc' dir='ltr'><em>φησὶν</em></span> <span class='ocrx_word' id='word_1_101' title='bbox 1366 987 1420 1032; x_wconf 68' lang='grc' dir='ltr'>οἷν</span> <span class='ocrx_word' id='word_1_102' title='bbox 1452 993 1491 1033; x_wconf 86' lang='grc' dir='ltr'>οἷ</span> <span class='ocrx_word' id='word_1_103' title='bbox 1515 990 1626 1046; x_wconf 87' lang='grc' dir='ltr'><em>Ἡρα-</em></span> 
     </span>
     <span class='ocr_line' id='line_1_13' title="bbox 211 1050 1631 1113; baseline 0.011 -28"><span class='ocrx_word' id='word_1_104' title='bbox 211 1050 354 1088; x_wconf 79' lang='grc' dir='ltr'><em>κλεῖδαι</em></span> <span class='ocrx_word' id='word_1_105' title='bbox 378 1051 466 1103; x_wconf 84' lang='grc' dir='ltr'><em>περὶ</em></span> <span class='ocrx_word' id='word_1_106' title='bbox 502 1057 567 1103; x_wconf 82' lang='grc' dir='ltr'><em>τῆς</em></span> <span class='ocrx_word' id='word_1_107' title='bbox 597 1058 725 1106; x_wconf 75' lang='grc' dir='ltr'><em>χώρας</em></span> <span class='ocrx_word' id='word_1_108' title='bbox 756 1055 1003 1108; x_wconf 83' lang='grc' dir='ltr'><em>ἐποιήσαντο,</em></span> <span class='ocrx_word' id='word_1_109' title='bbox 1036 1056 1102 1098; x_wconf 76' lang='grc' dir='ltr'><em>τόν</em></span> <span class='ocrx_word' id='word_1_110' title='bbox 1133 1059 1200 1110; x_wconf 79' lang='grc' dir='ltr'>μὲν</span> <span class='ocrx_word' id='word_1_111' title='bbox 1231 1058 1420 1113; x_wconf 82' lang='grc' dir='ltr'><em>πρότερον</em></span> <span class='ocrx_word' id='word_1_112' title='bbox 1451 1061 1631 1113; x_wconf 79' lang='grc' dir='ltr'><em>γενέσθαι</em></span> 
     </span>
     <span class='ocr_line' id='line_1_14' title="bbox 418 1121 1422 1181; baseline 0.011 -24"><span class='ocrx_word' id='word_1_113' title='bbox 418 1121 529 1171; x_wconf 83' lang='grc' dir='ltr'><em>γαίης</em></span> <span class='ocrx_word' id='word_1_114' title='bbox 560 1124 764 1174; x_wconf 80' lang='grc' dir='ltr'><em>Λακαίνης</em></span> <span class='ocrx_word' id='word_1_115' title='bbox 794 1122 947 1176; x_wconf 79' lang='grc' dir='ltr'><em>κύριον,</em></span> <span class='ocrx_word' id='word_1_116' title='bbox 979 1124 1134 1175; x_wconf 79' lang='grc' dir='ltr'><em>φαύλου</em></span> <span class='ocrx_word' id='word_1_117' title='bbox 1165 1124 1312 1178; x_wconf 77' lang='grc' dir='ltr'><em>χθονός</em></span> <span class='ocrx_word' id='word_1_118' title='bbox 1342 1144 1422 1181; x_wconf 83' lang='lat' dir='ltr'>eqs.</span> 
     </span>
    </p>

    <p class='ocr_par' dir='ltr' id='par_1_3' title="bbox 210 1185 1468 1246">
     <span class='ocr_line' id='line_1_15' title="bbox 210 1185 1468 1246; baseline 0.012 -25"><span class='ocrx_word' id='word_1_119' title='bbox 210 1185 422 1234; x_wconf 84' lang='lat' dir='ltr'>Sophocles</span> <span class='ocrx_word' id='word_1_120' title='bbox 454 1204 609 1241; x_wconf 81' lang='lat' dir='ltr'>quoque</span> <span class='ocrx_word' id='word_1_121' title='bbox 640 1193 679 1230; x_wconf 91' lang='lat' dir='ltr'>in</span> <span class='ocrx_word' id='word_1_122' title='bbox 712 1194 819 1233; x_wconf 85' lang='lat' dir='ltr'>Aiac.</span> <span class='ocrx_word' id='word_1_123' title='bbox 859 1198 960 1232; x_wconf 81' lang='grc'><strong>1182</strong></span> <span class='ocrx_word' id='word_1_124' title='bbox 991 1197 1092 1234; x_wconf 83' lang='lat' dir='ltr'>hano</span> <span class='ocrx_word' id='word_1_125' title='bbox 1120 1197 1290 1234; x_wconf 83' lang='lat' dir='ltr'>fabulam</span> <span class='ocrx_word' id='word_1_126' title='bbox 1321 1199 1468 1246; x_wconf 81' lang='lat' dir='ltr'>tangit:</span> 
     </span>
    </p>

    <p class='ocr_par' dir='ltr' id='par_1_4' title="bbox 483 1251 1385 1312">
     <span class='ocr_line' id='line_1_16' title="bbox 483 1251 1385 1312; baseline 0.009 -18"><span class='ocrx_word' id='word_1_127' title='bbox 483 1253 568 1306; x_wconf 58' lang='lat' dir='ltr'>zdiv&#39;</span> <span class='ocrx_word' id='word_1_128' title='bbox 599 1251 718 1304; x_wconf 73' lang='grc' dir='ltr'><em>αὖθις</em></span> <span class='ocrx_word' id='word_1_129' title='bbox 749 1257 868 1306; x_wconf 77' lang='grc' dir='ltr'><em>αὐτὸς</em></span> <span class='ocrx_word' id='word_1_130' title='bbox 887 1258 1080 1312; x_wconf 66' lang='grc' dir='ltr'><em>’Έκτορος</em></span> <span class='ocrx_word' id='word_1_131' title='bbox 1111 1260 1230 1312; x_wconf 88' lang='grc' dir='ltr'><em>μόνος</em></span> <span class='ocrx_word' id='word_1_132' title='bbox 1261 1260 1385 1312; x_wconf 88' lang='grc' dir='ltr'><em>μόνου</em></span> 
     </span>
    </p>

    <p class='ocr_par' dir='ltr' id='par_1_5' title="bbox 479 1321 1311 1382">
     <span class='ocr_line' id='line_1_17' title="bbox 479 1321 1311 1382; baseline 0.01 -21"><span class='ocrx_word' id='word_1_133' title='bbox 479 1321 605 1374; x_wconf 79' lang='grc' dir='ltr'><em>λαχών</em></span> <span class='ocrx_word' id='word_1_134' title='bbox 634 1341 673 1365; x_wconf 87' lang='grc' dir='ltr'><em>τε</em></span> <span class='ocrx_word' id='word_1_135' title='bbox 703 1325 972 1382; x_wconf 73' lang='grc' dir='ltr'><em>κᾷκέλευστος,</em></span> <span class='ocrx_word' id='word_1_136' title='bbox 1008 1322 1093 1379; x_wconf 79' lang='grc' dir='ltr'><em>ἦλθ’</em></span> <span class='ocrx_word' id='word_1_137' title='bbox 1125 1330 1311 1377; x_wconf 81' lang='grc' dir='ltr'><em>ἐναντίος,</em></span> 
     </span>
    </p>

    <p class='ocr_par' dir='ltr' id='par_1_6' title="bbox 481 1390 1420 1448">
     <span class='ocr_line' id='line_1_18' title="bbox 481 1390 1420 1448; baseline 0.006 -18"><span class='ocrx_word' id='word_1_138' title='bbox 481 1390 529 1430; x_wconf 83' lang='grc' dir='ltr'>οὐ</span> <span class='ocrx_word' id='word_1_139' title='bbox 552 1393 748 1445; x_wconf 78' lang='grc' dir='ltr'><em>δραπέτην</em></span> <span class='ocrx_word' id='word_1_140' title='bbox 780 1392 846 1434; x_wconf 79' lang='grc' dir='ltr'><em>τόν</em></span> <span class='ocrx_word' id='word_1_141' title='bbox 879 1399 1019 1448; x_wconf 83' lang='grc' dir='ltr'><em>κλῆρον</em></span> <span class='ocrx_word' id='word_1_142' title='bbox 1050 1397 1104 1443; x_wconf 86' lang='grc' dir='ltr'>εἰς</span> <span class='ocrx_word' id='word_1_143' title='bbox 1134 1396 1251 1447; x_wconf 84' lang='grc' dir='ltr'><em>μέσον</em></span> <span class='ocrx_word' id='word_1_144' title='bbox 1273 1398 1420 1446; x_wconf 81' lang='grc' dir='ltr'><em>καθείς,</em></span> 
     </span>
    </p>

    <p class='ocr_par' dir='ltr' id='par_1_7' title="bbox 481 1455 1370 1514">
     <span class='ocr_line' id='line_1_19' title="bbox 481 1455 1370 1514; baseline 0.007 -17"><span class='ocrx_word' id='word_1_145' title='bbox 481 1455 605 1512; x_wconf 77' lang='grc' dir='ltr'><em>ὖγρᾶς</em></span> <span class='ocrx_word' id='word_1_146' title='bbox 635 1458 810 1514; x_wconf 66' lang='grc' dir='ltr'><em>ἀρούρας</em></span> <span class='ocrx_word' id='word_1_147' title='bbox 840 1464 981 1513; x_wconf 84' lang='grc' dir='ltr'><em>βῶλον,</em></span> <span class='ocrx_word' id='word_1_148' title='bbox 1014 1460 1092 1502; x_wconf 66' lang='grc' dir='ltr'><em>ἀλλ’</em></span> <span class='ocrx_word' id='word_1_149' title='bbox 1123 1462 1167 1510; x_wconf 79' lang='grc' dir='ltr'>ὃς</span> <span class='ocrx_word' id='word_1_150' title='bbox 1197 1461 1370 1513; x_wconf 81' lang='grc' dir='ltr'><em>εὐλόφου</em></span> 
     </span>
    </p>

    <p class='ocr_par' dir='ltr' id='par_1_8' title="bbox 211 1528 1625 1779">
     <span class='ocr_line' id='line_1_20' title="bbox 481 1528 1298 1582; baseline 0.005 -16"><span class='ocrx_word' id='word_1_151' title='bbox 481 1531 604 1578; x_wconf 84' lang='grc' dir='ltr'><em>κυνῆς</em></span> <span class='ocrx_word' id='word_1_152' title='bbox 635 1528 760 1579; x_wconf 78' lang='grc' dir='ltr'><em>ἔμελλε</em></span> <span class='ocrx_word' id='word_1_153' title='bbox 791 1533 945 1582; x_wconf 80' lang='grc' dir='ltr'><em>πρῶτος</em></span> <span class='ocrx_word' id='word_1_154' title='bbox 977 1528 1076 1581; x_wconf 73' lang='grc' dir='ltr'><em>ἅλμα</em></span> <span class='ocrx_word' id='word_1_155' title='bbox 1107 1535 1298 1580; x_wconf 84' lang='grc' dir='ltr'><em>κουφιεῖν.</em></span> 
     </span>
     <span class='ocr_line' id='line_1_21' title="bbox 213 1593 1625 1647; baseline 0.007 -19"><span class='ocrx_word' id='word_1_156' title='bbox 213 1593 382 1644; x_wconf 88' lang='lat' dir='ltr'>denique</span> <span class='ocrx_word' id='word_1_157' title='bbox 414 1598 513 1644; x_wconf 77' lang='lat' dir='ltr'>apud</span> <span class='ocrx_word' id='word_1_158' title='bbox 542 1598 742 1647; x_wconf 90' lang='lat' dir='ltr'>Aristoph.</span> <span class='ocrx_word' id='word_1_159' title='bbox 775 1600 820 1636; x_wconf 87' lang='lat' dir='ltr'>de</span> <span class='ocrx_word' id='word_1_160' title='bbox 852 1601 942 1638; x_wconf 85' lang='lat' dir='ltr'>fatis</span> <span class='ocrx_word' id='word_1_161' title='bbox 972 1601 1153 1638; x_wconf 81' lang='lat' dir='ltr'>Herculis</span> <span class='ocrx_word' id='word_1_162' title='bbox 1185 1601 1350 1639; x_wconf 88' lang='lat' dir='ltr'>filiorum</span> <span class='ocrx_word' id='word_1_163' title='bbox 1383 1602 1553 1639; x_wconf 91' lang='lat' dir='ltr'>nondum</span> <span class='ocrx_word' id='word_1_164' title='bbox 1584 1602 1625 1638; x_wconf 91' lang='lat' dir='ltr'>in</span> 
     </span>
     <span class='ocr_line' id='line_1_22' title="bbox 212 1661 1622 1714; baseline 0.008 -18"><span class='ocrx_word' id='word_1_165' title='bbox 212 1661 525 1710; x_wconf 85' lang='lat' dir='ltr'>Peloponnesum</span> <span class='ocrx_word' id='word_1_166' title='bbox 557 1666 818 1714; x_wconf 82' lang='lat' dir='ltr'>profectorum</span> <span class='ocrx_word' id='word_1_167' title='bbox 850 1669 1039 1705; x_wconf 87' lang='lat' dir='ltr'>nonnulla</span> <span class='ocrx_word' id='word_1_168' title='bbox 1068 1670 1303 1707; x_wconf 78' lang='lat' dir='ltr'>adnotantur</span> <span class='ocrx_word' id='word_1_169' title='bbox 1334 1670 1381 1707; x_wconf 83' lang='lat' dir='ltr'>of.</span> <span class='ocrx_word' id='word_1_170' title='bbox 1404 1669 1505 1707; x_wconf 81' lang='lat' dir='ltr'>Plut.</span> <span class='ocrx_word' id='word_1_171' title='bbox 1531 1673 1622 1707; x_wconf 87' lang='lat'>385.</span> 
     </span>
     <span class='ocr_line' id='line_1_23' title="bbox 211 1729 495 1779; baseline 0.018 -15"><span class='ocrx_word' id='word_1_172' title='bbox 211 1729 342 1779; x_wconf 89' lang='lat' dir='ltr'>Equit.</span> <span class='ocrx_word' id='word_1_173' title='bbox 378 1734 495 1769; x_wconf 82' lang='lat'>1151.</span> 
     </span>
    </p>

    <p class='ocr_par' dir='ltr' id='par_1_9' title="bbox 213 1798 1625 1920">
     <span class='ocr_line' id='line_1_24' title="bbox 328 1798 1625 1854; baseline 0.006 -20"><span class='ocrx_word' id='word_1_174' title='bbox 328 1798 378 1834; x_wconf 88' lang='lat' dir='ltr'>In</span> <span class='ocrx_word' id='word_1_175' title='bbox 420 1801 598 1838; x_wconf 72' lang='lat' dir='ltr'>versibus</span> <span class='ocrx_word' id='word_1_176' title='bbox 628 1802 928 1852; x_wconf 89' lang='lat' dir='ltr'>insequentibus</span> <span class='ocrx_word' id='word_1_177' title='bbox 960 1803 1100 1841; x_wconf 82' lang='lat' dir='ltr'>ancilla</span> <span class='ocrx_word' id='word_1_178' title='bbox 1129 1804 1263 1851; x_wconf 77' lang='lat' dir='ltr'>gavisa</span> <span class='ocrx_word' id='word_1_179' title='bbox 1301 1805 1403 1854; x_wconf 89' lang='lat' dir='ltr'>quod</span> <span class='ocrx_word' id='word_1_180' title='bbox 1435 1805 1540 1842; x_wconf 82' lang='lat' dir='ltr'>viros</span> <span class='ocrx_word' id='word_1_181' title='bbox 1569 1806 1625 1842; x_wconf 87' lang='lat' dir='ltr'>fe-</span> 
     </span>
     <span class='ocr_line' id='line_1_25' title="bbox 213 1865 1263 1920; baseline 0.008 -20"><span class='ocrx_word' id='word_1_182' title='bbox 213 1865 340 1901; x_wconf 85' lang='lat' dir='ltr'>minae</span> <span class='ocrx_word' id='word_1_183' title='bbox 372 1866 573 1905; x_wconf 82' lang='lat' dir='ltr'>ludificant</span> <span class='ocrx_word' id='word_1_184' title='bbox 612 1873 729 1920; x_wconf 88' lang='lat' dir='ltr'>atque</span> <span class='ocrx_word' id='word_1_185' title='bbox 762 1871 929 1908; x_wconf 88' lang='lat' dir='ltr'>ludibrio</span> <span class='ocrx_word' id='word_1_186' title='bbox 961 1872 1117 1917; x_wconf 84' lang='lat' dir='ltr'>habent,</span> <span class='ocrx_word' id='word_1_187' title='bbox 1149 1872 1263 1909; x_wconf 88' lang='lat' dir='ltr'>dicit:</span> 
     </span>
    </p>

    <p class='ocr_par' dir='ltr' id='par_1_10' title="bbox 416 1935 1438 2111">
     <span class='ocr_line' id='line_1_26' title="bbox 417 1935 1438 1988; baseline 0.005 -18"><span class='ocrx_word' id='word_1_188' title='bbox 417 1935 498 1971; x_wconf 84' lang='lat' dir='ltr'>Nee</span> <span class='ocrx_word' id='word_1_189' title='bbox 528 1936 595 1984; x_wconf 92' lang='lat' dir='ltr'>pol</span> <span class='ocrx_word' id='word_1_190' title='bbox 624 1937 795 1974; x_wconf 85' lang='lat' dir='ltr'>Nemeae</span> <span class='ocrx_word' id='word_1_191' title='bbox 826 1939 938 1975; x_wconf 83' lang='lat' dir='ltr'>eredo</span> <span class='ocrx_word' id='word_1_192' title='bbox 970 1951 1098 1988; x_wconf 90' lang='lat' dir='ltr'>neque</span> <span class='ocrx_word' id='word_1_193' title='bbox 1129 1952 1199 1986; x_wconf 87' lang='lat' dir='ltr'>ego</span> <span class='ocrx_word' id='word_1_194' title='bbox 1233 1939 1438 1988; x_wconf 81' lang='lat' dir='ltr'>Olympiae</span> 
     </span>
     <span class='ocr_line' id='line_1_27' title="bbox 416 2002 1327 2055; baseline 0.004 -17"><span class='ocrx_word' id='word_1_195' title='bbox 416 2002 553 2052; x_wconf 90' lang='lat' dir='ltr'>Neque</span> <span class='ocrx_word' id='word_1_196' title='bbox 584 2017 769 2055; x_wconf 85' lang='lat' dir='ltr'>umquam</span> <span class='ocrx_word' id='word_1_197' title='bbox 800 2005 911 2043; x_wconf 88' lang='lat' dir='ltr'>ludos</span> <span class='ocrx_word' id='word_1_198' title='bbox 941 2010 1019 2043; x_wconf 82' lang='lat' dir='ltr'>tam</span> <span class='ocrx_word' id='word_1_199' title='bbox 1050 2006 1212 2044; x_wconf 75' lang='lat' dir='ltr'>festivos</span> <span class='ocrx_word' id='word_1_200' title='bbox 1243 2006 1327 2043; x_wconf 89' lang='lat' dir='ltr'>fieri</span> 
     </span>
     <span class='ocr_line' id='line_1_28' title="bbox 417 2068 1308 2111; baseline 0.002 -2"><span class='ocrx_word' id='word_1_201' title='bbox 417 2068 541 2109; x_wconf 79' lang='lat' dir='ltr'>Quam</span> <span class='ocrx_word' id='word_1_202' title='bbox 572 2072 636 2109; x_wconf 84' lang='lat' dir='ltr'>hio</span> <span class='ocrx_word' id='word_1_203' title='bbox 665 2072 770 2110; x_wconf 86' lang='lat' dir='ltr'>intus</span> <span class='ocrx_word' id='word_1_204' title='bbox 802 2073 901 2111; x_wconf 89' lang='lat' dir='ltr'>fiunt</span> <span class='ocrx_word' id='word_1_205' title='bbox 930 2074 1009 2110; x_wconf 90' lang='lat' dir='ltr'>ludi</span> <span class='ocrx_word' id='word_1_206' title='bbox 1040 2073 1308 2111; x_wconf 83' lang='lat' dir='ltr'>ludificabiles.</span> 
     </span>
    </p>

    <p class='ocr_par' dir='ltr' id='par_1_11' title="bbox 211 2135 1627 2729">
     <span class='ocr_line' id='line_1_29' title="bbox 326 2135 1627 2189; baseline 0.002 -13"><span class='ocrx_word' id='word_1_207' title='bbox 326 2135 432 2176; x_wconf 77' lang='lat' dir='ltr'>Quos</span> <span class='ocrx_word' id='word_1_208' title='bbox 462 2150 596 2175; x_wconf 73' lang='lat' dir='ltr'>versus</span> <span class='ocrx_word' id='word_1_209' title='bbox 627 2152 678 2176; x_wconf 79' lang='lat' dir='ltr'>ex</span> <span class='ocrx_word' id='word_1_210' title='bbox 709 2139 854 2178; x_wconf 82' lang='lat' dir='ltr'>Graeco</span> <span class='ocrx_word' id='word_1_211' title='bbox 892 2141 1104 2189; x_wconf 78' lang='lat' dir='ltr'>exemplari</span> <span class='ocrx_word' id='word_1_212' title='bbox 1138 2153 1346 2188; x_wconf 81' lang='lat' dir='ltr'>emanasse,</span> <span class='ocrx_word' id='word_1_213' title='bbox 1379 2155 1457 2178; x_wconf 90' lang='lat' dir='ltr'>non</span> <span class='ocrx_word' id='word_1_214' title='bbox 1488 2143 1627 2180; x_wconf 85' lang='lat' dir='ltr'>desunt</span> 
     </span>
     <span class='ocr_line' id='line_1_30' title="bbox 214 2206 1625 2255; baseline 0.006 -16"><span class='ocrx_word' id='word_1_215' title='bbox 214 2215 350 2240; x_wconf 82' lang='lat' dir='ltr'>causae</span> <span class='ocrx_word' id='word_1_216' title='bbox 391 2206 533 2255; x_wconf 87' lang='lat' dir='ltr'>quibus</span> <span class='ocrx_word' id='word_1_217' title='bbox 564 2208 768 2254; x_wconf 86' lang='lat' dir='ltr'>probetur;</span> <span class='ocrx_word' id='word_1_218' title='bbox 810 2221 899 2245; x_wconf 84' lang='lat' dir='ltr'>nam</span> <span class='ocrx_word' id='word_1_219' title='bbox 930 2209 1096 2246; x_wconf 84' lang='lat' dir='ltr'>Romani</span> <span class='ocrx_word' id='word_1_220' title='bbox 1138 2213 1240 2246; x_wconf 82' lang='lat' dir='ltr'>certe</span> <span class='ocrx_word' id='word_1_221' title='bbox 1284 2215 1477 2247; x_wconf 81' lang='lat' dir='ltr'>noverant</span> <span class='ocrx_word' id='word_1_222' title='bbox 1514 2209 1625 2247; x_wconf 89' lang='lat' dir='ltr'>ludos</span> 
     </span>
     <span class='ocr_line' id='line_1_31' title="bbox 214 2270 1626 2331; baseline 0.005 -25"><span class='ocrx_word' id='word_1_223' title='bbox 214 2270 451 2319; x_wconf 81' lang='lat' dir='ltr'>Olympicos,</span> <span class='ocrx_word' id='word_1_224' title='bbox 484 2286 575 2321; x_wconf 86' lang='lat' dir='ltr'>ergo</span> <span class='ocrx_word' id='word_1_225' title='bbox 609 2275 640 2311; x_wconf 86' lang='lat' dir='ltr'>si</span> <span class='ocrx_word' id='word_1_226' title='bbox 672 2288 737 2312; x_wconf 87' lang='lat' dir='ltr'>eos</span> <span class='ocrx_word' id='word_1_227' title='bbox 759 2276 883 2324; x_wconf 87' lang='lat' dir='ltr'>primo</span> <span class='ocrx_word' id='word_1_228' title='bbox 905 2275 990 2313; x_wconf 83' lang='lat' dir='ltr'>loco</span> <span class='ocrx_word' id='word_1_229' title='bbox 1022 2288 1149 2326; x_wconf 89' lang='lat' dir='ltr'>neque</span> <span class='ocrx_word' id='word_1_230' title='bbox 1179 2276 1257 2313; x_wconf 89' lang='lat' dir='ltr'>illis</span> <span class='ocrx_word' id='word_1_231' title='bbox 1277 2277 1436 2313; x_wconf 85' lang='lat' dir='ltr'>Nemeis</span> <span class='ocrx_word' id='word_1_232' title='bbox 1466 2276 1626 2331; x_wconf 76' lang='lat' dir='ltr'>adiectis</span> 
     </span>
     <span class='ocr_line' id='line_1_32' title="bbox 211 2338 1623 2392; baseline 0.004 -19"><span class='ocrx_word' id='word_1_233' title='bbox 211 2338 449 2377; x_wconf 86' lang='lat' dir='ltr'>nominasset</span> <span class='ocrx_word' id='word_1_234' title='bbox 480 2347 612 2389; x_wconf 87' lang='lat' dir='ltr'>poeta,</span> <span class='ocrx_word' id='word_1_235' title='bbox 653 2356 766 2380; x_wconf 88' lang='lat' dir='ltr'>nemo</span> <span class='ocrx_word' id='word_1_236' title='bbox 798 2344 1031 2381; x_wconf 80' lang='lat' dir='ltr'>contendere</span> <span class='ocrx_word' id='word_1_237' title='bbox 1063 2348 1213 2392; x_wconf 86' lang='lat' dir='ltr'>posset,</span> <span class='ocrx_word' id='word_1_238' title='bbox 1253 2344 1355 2380; x_wconf 82' lang='lat' dir='ltr'>hanc</span> <span class='ocrx_word' id='word_1_239' title='bbox 1387 2343 1623 2380; x_wconf 88' lang='lat' dir='ltr'>mentionem</span> 
     </span>
     <span class='ocr_line' id='line_1_33' title="bbox 211 2406 1625 2448; baseline 0.003 -6"><span class='ocrx_word' id='word_1_240' title='bbox 211 2406 389 2444; x_wconf 91' lang='lat' dir='ltr'>ludorum</span> <span class='ocrx_word' id='word_1_241' title='bbox 430 2408 594 2445; x_wconf 87' lang='lat' dir='ltr'>alienam</span> <span class='ocrx_word' id='word_1_242' title='bbox 636 2423 718 2447; x_wconf 88' lang='lat' dir='ltr'>esse</span> <span class='ocrx_word' id='word_1_243' title='bbox 758 2424 778 2447; x_wconf 87' lang='lat' dir='ltr'>a</span> <span class='ocrx_word' id='word_1_244' title='bbox 809 2411 1007 2448; x_wconf 85' lang='lat' dir='ltr'>Romanis.</span> <span class='ocrx_word' id='word_1_245' title='bbox 1077 2412 1171 2448; x_wconf 90' lang='lat' dir='ltr'>Cum</span> <span class='ocrx_word' id='word_1_246' title='bbox 1211 2416 1338 2448; x_wconf 86' lang='lat' dir='ltr'>autem</span> <span class='ocrx_word' id='word_1_247' title='bbox 1370 2410 1506 2447; x_wconf 87' lang='lat' dir='ltr'>Nemei</span> <span class='ocrx_word' id='word_1_248' title='bbox 1545 2410 1625 2446; x_wconf 89' lang='lat' dir='ltr'>ludi</span> 
     </span>
     <span class='ocr_line' id='line_1_34' title="bbox 211 2474 1623 2526; baseline 0.002 -17"><span class='ocrx_word' id='word_1_249' title='bbox 211 2474 383 2512; x_wconf 82' lang='lat' dir='ltr'>adiuncti</span> <span class='ocrx_word' id='word_1_250' title='bbox 426 2482 622 2524; x_wconf 85' lang='lat' dir='ltr'>ponantur</span> <span class='ocrx_word' id='word_1_251' title='bbox 663 2482 700 2515; x_wconf 91' lang='lat' dir='ltr'>et</span> <span class='ocrx_word' id='word_1_252' title='bbox 740 2478 1010 2525; x_wconf 81' lang='lat' dir='ltr'>praeferantur</span> <span class='ocrx_word' id='word_1_253' title='bbox 1047 2477 1124 2513; x_wconf 88' lang='lat' dir='ltr'>illis</span> <span class='ocrx_word' id='word_1_254' title='bbox 1165 2477 1369 2526; x_wconf 86' lang='lat' dir='ltr'>Olympiae</span> <span class='ocrx_word' id='word_1_255' title='bbox 1408 2476 1623 2523; x_wconf 79' lang='lat' dir='ltr'>celebratis,</span> 
     </span>
     <span class='ocr_line' id='line_1_35' title="bbox 213 2543 1624 2595; baseline 0.001 -17"><span class='ocrx_word' id='word_1_256' title='bbox 213 2543 298 2589; x_wconf 87' lang='lat' dir='ltr'>hoc,</span> <span class='ocrx_word' id='word_1_257' title='bbox 331 2552 374 2580; x_wconf 85' lang='lat' dir='ltr'>ut</span> <span class='ocrx_word' id='word_1_258' title='bbox 404 2544 553 2592; x_wconf 87' lang='lat' dir='ltr'>opinor,</span> <span class='ocrx_word' id='word_1_259' title='bbox 586 2549 645 2582; x_wconf 90' lang='lat' dir='ltr'>est</span> <span class='ocrx_word' id='word_1_260' title='bbox 665 2545 828 2582; x_wconf 82' lang='lat' dir='ltr'>alieuius</span> <span class='ocrx_word' id='word_1_261' title='bbox 850 2545 1046 2591; x_wconf 86' lang='lat' dir='ltr'>momenti,</span> <span class='ocrx_word' id='word_1_262' title='bbox 1079 2545 1181 2595; x_wconf 91' lang='lat' dir='ltr'>quod</span> <span class='ocrx_word' id='word_1_263' title='bbox 1214 2557 1283 2581; x_wconf 88' lang='lat' dir='ltr'>nos</span> <span class='ocrx_word' id='word_1_264' title='bbox 1307 2544 1529 2593; x_wconf 80' lang='lat' dir='ltr'>perspicere</span> <span class='ocrx_word' id='word_1_265' title='bbox 1558 2555 1624 2579; x_wconf 86' lang='lat' dir='ltr'>ne-</span> 
     </span>
     <span class='ocr_line' id='line_1_36' title="bbox 213 2611 1623 2662; baseline 0 -16"><span class='ocrx_word' id='word_1_266' title='bbox 213 2611 378 2660; x_wconf 88' lang='lat' dir='ltr'>quimus,</span> <span class='ocrx_word' id='word_1_267' title='bbox 412 2612 476 2662; x_wconf 92' lang='lat' dir='ltr'>qui</span> <span class='ocrx_word' id='word_1_268' title='bbox 509 2616 661 2648; x_wconf 84' lang='lat' dir='ltr'>tantum</span> <span class='ocrx_word' id='word_1_269' title='bbox 691 2624 889 2660; x_wconf 82' lang='lat' dir='ltr'>exponere</span> <span class='ocrx_word' id='word_1_270' title='bbox 921 2612 1128 2659; x_wconf 85' lang='lat' dir='ltr'>possimus,</span> <span class='ocrx_word' id='word_1_271' title='bbox 1160 2612 1327 2648; x_wconf 85' lang='lat' dir='ltr'>Nemeos</span> <span class='ocrx_word' id='word_1_272' title='bbox 1358 2611 1468 2648; x_wconf 89' lang='lat' dir='ltr'>ludos</span> <span class='ocrx_word' id='word_1_273' title='bbox 1499 2611 1546 2647; x_wconf 84' lang='lat' dir='ltr'>ab</span> <span class='ocrx_word' id='word_1_274' title='bbox 1578 2623 1623 2646; x_wconf 90' lang='lat' dir='ltr'>eo</span> 
     </span>
     <span class='ocr_line' id='line_1_37' title="bbox 212 2677 1624 2729; baseline -0.001 -14"><span class='ocrx_word' id='word_1_275' title='bbox 212 2679 377 2726; x_wconf 89' lang='lat' dir='ltr'>proferri</span> <span class='ocrx_word' id='word_1_276' title='bbox 419 2691 551 2727; x_wconf 86' lang='lat' dir='ltr'>posse,</span> <span class='ocrx_word' id='word_1_277' title='bbox 606 2679 671 2729; x_wconf 91' lang='lat' dir='ltr'>qui</span> <span class='ocrx_word' id='word_1_278' title='bbox 713 2692 779 2717; x_wconf 87' lang='lat' dir='ltr'>eos</span> <span class='ocrx_word' id='word_1_279' title='bbox 819 2680 918 2717; x_wconf 93' lang='lat' dir='ltr'>bene</span> <span class='ocrx_word' id='word_1_280' title='bbox 961 2679 1134 2726; x_wconf 75' lang='lat' dir='ltr'>noverit5</span> <span class='ocrx_word' id='word_1_281' title='bbox 1188 2692 1303 2729; x_wconf 90' lang='lat' dir='ltr'>quem</span> <span class='ocrx_word' id='word_1_282' title='bbox 1346 2677 1624 2716; x_wconf 88' lang='lat' dir='ltr'>Atheniensem</span> 
     </span>
    </p>
   </div>
  </div>
 </body>
</html>
