1857 3089
820 193 1098 236 -58-

257 299 321 349 qui
353 311 489 336 versus
519 299 564 335 ad
597 311 711 349 quem
743 301 930 347 spectent,
964 297 1135 335 dubitari
1165 298 1305 344 potest,
1349 296 1400 334 Et
1430 309 1662 347 quamquam

258 366 382 403 Gellio
415 367 532 411 duce,
576 367 683 403 cuius
724 370 857 404 auctor
898 367 948 403 M.
983 365 1103 402 Varro
1136 368 1213 410 est,
1254 363 1294 399 hi
1333 376 1467 402 versus
1508 364 1664 411 sapiunt

256 434 447 471 rationem
472 433 703 479 Plautinam,
735 438 864 471 tamen
896 432 1183 470 diiudicandum
1215 434 1283 476 est,
1314 433 1443 468 utrum
1471 431 1514 467 in
1534 431 1664 468 Plauti

259 501 416 538 officina
446 501 644 538 frabricati
675 513 723 537 an
754 504 903 538 tantum
946 513 994 537 ex
1026 500 1171 537 Graeca
1199 497 1332 535 fabula
1361 497 1538 535 translati
1572 498 1662 535 sint.

258 567 455 608 Quantum
488 580 558 616 ego
589 568 722 606 videre
753 581 920 616 possum,
952 569 1028 605 iam
1058 568 1098 604 in
1120 567 1265 604 Graeco
1288 565 1501 614 exemplari
1532 565 1664 613 scripti

259 636 509 683 legebantur,
548 649 636 672 nam
668 635 833 684 primum
865 636 1021 686 quidem
1052 635 1244 684 parasitus
1275 647 1361 670 eum
1393 646 1470 670 non
1501 638 1664 678 accusat,

259 703 324 753 qui
357 704 502 741 Romae
533 704 680 752 primus
711 703 894 740 solarium
935 703 1090 748 statuit,
1135 703 1200 739 sed
1245 714 1343 748 eum,
1376 701 1442 752 qui
1484 700 1666 737 solarium

256 771 429 808 efficiens
460 772 574 808 horas
605 771 788 819 repperit,
821 783 936 821 quem
967 783 1046 807 non
1076 771 1198 807 fuisse
1221 770 1438 806 Romanum
1469 768 1545 804 iam
1575 767 1666 803 inde

258 838 511 886 intelligitur,
555 839 658 889 quod
689 837 895 875 Massalam
926 837 1123 875 consulem
1154 837 1255 874 bello
1282 836 1430 873 Punico
1461 835 1585 884 primo
1616 848 1666 871 ex

255 906 400 942 Graeca
430 907 525 943 urbe
563 906 602 942 in
635 905 766 943 Sicilia
803 904 985 943 solarium
1017 904 1302 953 deportavisse‚
1346 902 1504 940 minime
1535 906 1665 940 autem

253 974 453 1011 invenisse
484 975 536 1012 M.
570 974 692 1011 Varro
733 974 834 1022 apud
865 973 1035 1010 Plinium
1076 972 1187 1010 testis
1227 975 1296 1008 est.
1355 970 1505 1008 Deinde
1535 972 1664 1006 autem

258 1054 492 1092 quamquam
522 1042 597 1078 iam
629 1054 730 1078 anno
764 1043 839 1078 491
874 1053 905 1077 a.
935 1054 971 1077 u.
1004 1053 1035 1077 c.
1066 1039 1162 1076 illud
1193 1038 1374 1076 solarium
1402 1038 1547 1074 Romae
1578 1037 1664 1083 fuit,

253 1113 381 1146 tamen
409 1110 536 1147 minus
567 1109 722 1157 egregie
752 1110 895 1147 factum
927 1108 991 1145 vel
1021 1115 1154 1157 aptum
1186 1120 1268 1144 esse
1289 1106 1506 1151 videbatur,
1538 1117 1666 1154 neque

255 1177 356 1213 enim
389 1178 655 1225 congruebant
693 1176 774 1213 eius
814 1175 941 1212 lineae
972 1176 1018 1212 ad
1048 1175 1182 1220 horas,
1229 1174 1476 1224 quamobrem
1508 1172 1665 1209 minime

252 1244 463 1282 verisimile
509 1248 586 1290 est,
638 1244 821 1293 oppidum
868 1243 1018 1280 solariis
1063 1243 1102 1279 id
1151 1255 1272 1290 genus
1322 1241 1520 1290 oppletum
1572 1253 1665 1277 esse.

254 1311 382 1352 Quid?
423 1312 525 1362 quod
559 1312 679 1348 Varro
711 1311 805 1349 dicit
835 1312 986 1348 demum
1018 1323 1118 1347 anno
1153 1313 1230 1346 590
1254 1310 1391 1346 Plauto
1426 1312 1577 1346 mortuo
1619 1306 1665 1347 Q.

253 1380 440 1417 Marcium
482 1379 706 1427 Philippum
749 1379 974 1427 diligentius
1015 1377 1232 1415 ordinatum
1262 1376 1448 1425 posuisse.
1508 1376 1669 1413 Accedit

254 1449 356 1498 quod
395 1448 462 1484 illa
491 1447 636 1484 mentio
677 1447 780 1484 facta
821 1452 879 1484 est
919 1460 942 1483 a
981 1458 1147 1494 persona
1192 1444 1475 1482 comoediarum
1507 1443 1669 1480 Graeca-

253 1529 337 1553 rum
368 1516 406 1552 iu
432 1515 642 1561 comoedia,
673 1515 781 1552 cuius
812 1515 949 1552 titulus
980 1519 1038 1552 est
1067 1518 1110 1551 ut
1140 1513 1289 1550 Andria
1317 1512 1419 1560 apud
1440 1511 1664 1548 Terentium

254 1584 421 1621 Graecae
467 1583 638 1630 originis.
712 1583 813 1630 Ergo
859 1582 1037 1619 omnibus
1087 1581 1147 1618 his
1191 1581 1306 1617 rebus
1355 1593 1432 1616 non
1477 1578 1664 1627 neglectis

252 1652 291 1688 hi
323 1665 469 1697 versus,
501 1664 598 1701 quos
627 1651 669 1687 in
691 1651 819 1688 Plauti
842 1650 1040 1687 comoedia
1061 1649 1235 1686 Varrone
1256 1648 1510 1696 praecedente
1530 1647 1661 1692 fuisse,

253 1711 392 1757 nona
432 1720 570 1756 Plauto
610 1719 842 1767 respiciente
882 1717 1063 1755 instituta
1103 1729 1193 1754 suae
1241 1715 1379 1753 aetatis
1421 1716 1543 1752 factos
1580 1727 1664 1751 esse

254 1800 366 1824 nemo
399 1787 612 1833 dubitabit,
660 1787 803 1824 debent
834 1786 955 1824 tribui
988 1785 1132 1822 Graeco
1165 1783 1389 1832 exemplari.
1448 1783 1509 1818 Ad
1549 1794 1663 1832 quem

252 1857 348 1892 hacc
372 1856 492 1893 verba
523 1859 699 1905 spectent
725 1854 883 1892 difficile
914 1859 972 1891 est
1001 1853 1117 1899 dictu,
1149 1853 1214 1889 sed
1245 1852 1345 1889 sicut
1374 1850 1532 1887 minime
1561 1849 1663 1895 volo,

257 1924 313 1961 eis
342 1924 481 1972 respici
504 1923 798 1968 Anaximenem,
831 1935 944 1973 quem
976 1921 1141 1970 primum
1165 1919 1346 1957 solarium
1377 1919 1557 1957 statuisse
1587 1922 1663 1955 tra-

253 1992 372 2038 dunt,
402 1992 458 2029 ita
487 1997 581 2040 puto
613 2003 691 2027 non
722 1989 951 2027 temeritatis
983 2002 1078 2035 esse,
1118 2001 1163 2025 ea
1199 1988 1344 2024 referre
1375 1988 1422 2024 ad
1452 1987 1662 2032 Metonem,

254 2060 319 2110 qui
351 2060 410 2097 vir
441 2058 736 2097 mathematicus
778 2071 878 2095 anno
911 2061 991 2094 432
1024 2057 1190 2095 Athenis
1224 2055 1363 2093 solario
1396 2055 1512 2092 nixus
1543 2067 1662 2091 anno-

252 2141 336 2165 rum
369 2128 557 2165 rationem
588 2126 691 2163 fecit.

366 2197 438 2232 sed
459 2194 597 2233 summi
629 2193 813 2231 momenti
845 2198 913 2239 est,
947 2193 1049 2244 quod
1083 2192 1211 2229 omnia
1241 2204 1495 2242 quaecunque
1526 2191 1573 2227 ad
1603 2203 1661 2227 re-

252 2277 337 2301 rum
379 2269 572 2312 gestarum
612 2266 651 2299 et
690 2261 958 2298 institutorum
999 2260 1171 2297 civilium
1213 2259 1436 2296 memoriam
1474 2262 1660 2307 spectant,

252 2332 451 2369 nonnullis
482 2331 576 2368 locis
608 2329 782 2377 exceptis
813 2334 904 2366 sunt
926 2330 1093 2366 Graecae
1116 2327 1288 2375 originis.
1349 2326 1535 2366 Quamvis
1556 2338 1660 2362 men-

252 2401 306 2438 tio
338 2399 630 2437 bacchanalium
662 2397 760 2446 (Mil.
794 2397 902 2445 857),
935 2397 1061 2444 gentis
1092 2395 1270 2443 Papiriae
1301 2395 1414 2442 (frag.
1436 2394 1660 2430 Foeneratr.

252 2469 353 2516 apud
384 2466 588 2514 Dionaea),
626 2469 764 2514 poetae
794 2465 932 2502 Naevii
971 2464 1068 2512 (Mil.
1102 2462 1216 2511 210),
1257 2463 1488 2510 populorum
1520 2462 1658 2498 Boium

255 2541 293 2573 et
323 2536 604 2583 Campanorum
638 2532 762 2582 (Capt.
797 2536 887 2569 888.
919 2532 1091 2568 Trinum.
1126 2531 1221 2579 545)
1252 2530 1489 2578 reperiatur,
1531 2533 1660 2566 tamen

255 2603 371 2640 simili
403 2603 516 2639 modo
548 2606 664 2652 atque
702 2600 744 2637 in
786 2601 950 2638 historia
979 2599 1143 2636 fabulari
1183 2598 1334 2649 reliqua
1372 2597 1531 2635 nomina
1571 2601 1661 2634 sunt

253 2671 418 2717 Graeca,
464 2682 718 2721 quaecunque
758 2669 871 2706 nobis
913 2673 1140 2713 occurrunt,
1186 2672 1301 2717 atque
1343 2665 1557 2714 respiciunt
1596 2664 1660 2702 vel
