1857 3089
777 206 1058 246 -23-

209 316 248 352 et
277 326 333 351 vs.
369 314 496 348 1053:

349 380 415 417 Fit
442 382 554 417 vasta
583 377 710 424 Troia,
742 378 926 415 scindunt
954 388 1134 424 proceres
1165 375 1408 422 Pergamum.

349 446 454 484 scivi
487 459 558 494 ego
589 446 666 482 iam
697 445 840 482 dudum
871 444 955 480 fore
986 455 1046 480 me
1077 442 1241 479 exitium
1273 442 1485 489 Pergam03

206 517 413 564 postquam
452 513 667 551 Nicobulus
709 511 906 560 pollicitus
947 514 1026 556 est,
1069 522 1108 547 se
1145 522 1281 546 aurum
1323 509 1500 546 daturum
1532 520 1628 545 esse.

208 582 370 619 Accedit
419 581 521 632 quod
567 594 624 618 vs.
667 580 887 615 935—944
939 577 1111 625 perbene
1162 576 1347 624 leguntur
1399 579 1488 624 post
1533 578 1626 620 934,

209 662 325 700 quem
369 648 544 685 ordinem
585 646 736 683 codices
766 645 977 694 praebent,
1022 657 1108 681 cum
1148 643 1226 681 illis
1268 643 1378 693 quasi
1411 643 1629 680 declaretur

207 720 246 754 et
275 719 483 753 excusetur
522 715 598 752 ista
640 712 890 750 exclamatio:
934 712 964 748 O
997 711 1113 748 Troia
1143 724 1198 760 sq.
1259 711 1398 761 Neque
1429 710 1533 747 enim
1564 710 1628 746 de-

207 787 297 820 sunt
326 782 703 830 paratragodumena
734 780 969 818 comicorum
992 778 1227 816 Graecorum
1257 791 1308 815 ex
1328 777 1465 815 Iliadis
1485 777 1629 814 fabulis

206 853 372 899 sumpta,
403 850 453 888 cf.
485 849 650 897 Antiph.
681 849 779 896 frag.
802 847 939 896 (Mein.
970 847 1049 884 ΙΙΙ.
1083 847 1151 894 25)

479 910 522 953 Ὁ
554 913 622 964 μὲν
654 912 862 959 Μενέλεως
893 909 1099 962 {nol-{und
1135 910 1200 961 ἔτη
1231 909 1326 949 δέκα

477 986 557 1028 τοῖς
594 980 721 1034 Τρωσὶ
752 977 817 1020 διά
848 984 1013 1033 γυναῖκα
1043 975 1113 1029 τὴν
1143 975 1240 1028 ὄψιν
1270 976 1404 1028 καλήν.

205 1053 346 1090 Nonne
376 1052 454 1090 tale
475 1052 621 1102 aliquid
653 1050 876 1090 invenimus
904 1050 946 1086 in
967 1063 1025 1087 vs.
1049 1051 1271 1085 925—928
1294 1049 1332 1085 h.
1355 1060 1512 1086 scenae:

402 1120 563 1157 Atridae
594 1120 669 1156 duo
701 1118 832 1156 cluent
860 1117 998 1155 fecisse
1027 1117 1180 1154 facinus
1211 1116 1435 1161 maximum,

405 1186 534 1227 Quum
564 1185 710 1223 Priami
742 1185 907 1233 patriam
938 1185 1170 1232 Pergamum
1204 1196 1283 1234 eqs.

204 1255 281 1292 Sed
314 1268 418 1292 nune
448 1255 496 1291 ad
527 1253 682 1301 singula
711 1253 827 1290 huius
857 1252 1011 1289 fabulae
1032 1252 1217 1290 accedere
1247 1251 1375 1288 liceat.
1434 1251 1482 1287 In
1512 1263 1629 1288 versu

209 1325 230 1358 5
262 1322 426 1360 Bacchis
456 1320 661 1359 Pistocleri
693 1320 954 1358 adulescentis
985 1332 1136 1357 errores
1166 1319 1385 1357 lamentans
1416 1318 1527 1356 dicit:

407 1389 565 1427 Ulixem
594 1388 727 1427 audivi
756 1388 877 1425 fuisse
908 1387 1301 1433 aerumnosissimum,

409 1456 486 1497 Qui
516 1456 658 1504 viginti
690 1455 803 1493 anuis
835 1467 968 1492 errans
999 1468 1021 1492 a
1051 1454 1179 1503 patria
1208 1454 1308 1491 afuit
1338 1466 1417 1504 eqs.

203 1536 303 1575 quae
358 1528 536 1573 spectant
579 1525 626 1561 ad
664 1523 760 1560 illud
812 1523 1064 1560 Homericum
1115 1516 1402 1571 holbvponov,
1434 1516 1478 1564 ὃς
1525 1516 1627 1568 μάλα

202 1587 323 1629 πόλλα
354 1587 549 1641 πλάγχθη,
590 1592 684 1629 satis
723 1594 859 1628 notum
901 1594 1174 1638 argumentum
1206 1589 1429 1627 comoediae
1460 1589 1626 1634 Atticae,

204 1660 396 1710 siquidem
439 1659 540 1708 apud
573 1659 739 1696 comicos
771 1658 937 1696 Graecos
976 1658 1114 1696 titulus
1144 1652 1363 1701 Ὀδυσσέως
1393 1657 1539 1706 septies
1567 1656 1627 1693 in-

203 1727 372 1766 venitur.
441 1728 650 1765 Praeterea
698 1731 827 1764 autem
870 1726 1056 1763 memoria
1101 1725 1229 1763 Ulixis
1277 1724 1445 1762 errantis
1497 1726 1628 1762 exstat

204 1795 305 1844 apud
336 1795 639 1843 Aristophanem
677 1794 832 1842 saepius
871 1806 986 1844 quam
1030 1793 1162 1831 semel.
1201 1793 1249 1830 cf.
1281 1792 1385 1830 Plut.
1418 1794 1512 1838 312,
1558 1791 1626 1842 qui

204 1865 383 1911 spectant
422 1863 469 1899 ad
501 1862 631 1899 dolum
661 1861 801 1907 Ulixis,
843 1874 921 1911 quo
953 1861 1108 1909 decepit
1138 1860 1360 1910 Cyclopem,
1404 1864 1487 1897 tum
1517 1872 1624 1908 vesp.

211 1934 429 1968 181—186
461 1931 510 1967 ad
540 1931 703 1967 eandem
734 1941 815 1966 rem
845 1933 1079 1978 spectantes,
1111 1928 1280 1978 denique
1312 1940 1373 1966 av.
1412 1930 1528 1974 1561,
1560 1926 1626 1963 ubi

204 1999 316 2038 venit
346 1998 482 2036 Ulixes
512 1998 559 2034 ad
589 1998 747 2035 inferos.

316 2066 444 2105 Versu
483 2068 556 2102 155
590 2065 741 2102 Ludum
773 2065 1041 2114 paedagogum
1079 2064 1221 2102 iratum
1253 2066 1371 2113 atque
1402 2062 1626 2100 adolescen-

205 2134 329 2172 tulum
351 2134 635 2182 prohibentem,
668 2133 875 2184 quominus
896 2133 944 2169 ad
965 2130 1195 2169 Bacchidem
1218 2143 1258 2168 se
1280 2131 1469 2177 conferat,
1499 2130 1626 2168 Pisto-

204 2201 330 2239 clerus
359 2201 590 2250 aggrediens
621 2201 897 2239 comminatur:

319 2269 441 2316 Fiam,
472 2272 516 2307 ut
545 2282 617 2317 ego
648 2269 799 2318 opinor,
830 2268 1034 2314 Hercules,
1073 2271 1117 2306 tu
1147 2270 1277 2305 autem
1307 2279 1349 2304 es
1378 2266 1514 2303 Linus.

319 2338 465 2375 Notum
496 2342 565 2384 est,
597 2337 707 2374 illum
739 2337 881 2373 Linum
912 2335 1095 2373 Herculis
1126 2335 1354 2383 magistrum
1384 2347 1406 2371 a
1437 2331 1627 2381 discipulo

206 2406 456 2444 interfectum
478 2418 574 2451 esse,
605 2418 656 2442 ex
677 2405 837 2442 Diodor.
860 2403 937 2441 ΙΙΙ.
970 2403 1034 2450 67,
1065 2402 1294 2451 Apollodor.
1317 2402 1375 2439 II.
1408 2405 1444 2447 4,
1477 2404 1512 2437 9.
1553 2399 1627 2436 Sed

207 2473 300 2523 quid
339 2472 472 2510 multis
515 2486 613 2522 opus
653 2477 712 2510 est
749 2473 902 2518 verbis,
944 2484 1032 2509 cum
1072 2484 1143 2508 nos
1183 2483 1263 2508 non
1292 2469 1437 2517 fugiat,
1478 2469 1555 2505 iam
1586 2467 1628 2504 in

206 2541 338 2578 Attica
358 2541 556 2578 comoedia
576 2540 787 2578 Herculem
808 2539 994 2587 magistro
1016 2552 1129 2575 usum
1151 2550 1234 2576 esse
1257 2538 1371 2584 Lino,
1403 2537 1450 2574 cf.
1482 2548 1626 2587 quaeso

207 2607 386 2644 Alexidis
415 2607 570 2644 fabulae
601 2607 690 2644 Lini
720 2608 816 2654 frag.
847 2607 983 2656 (Mein.
1016 2606 1089 2643 III.
1121 2619 1186 2654 pg.
1217 2607 1327 2653 443).
1374 2606 1477 2652 Ergo
1509 2603 1627 2641 etiam

205 2675 280 2713 hoc
317 2675 734 2723 paratragodumenum
764 2674 886 2722 spirat
929 2674 1115 2711 Graecam
1152 2672 1365 2722 parodiam.
