1857 3089
801 193 1053 234 —6-

218 296 334 333 rebus
356 296 522 341 illorum,
556 296 601 332 ad
634 297 737 346 quod
769 309 890 344 genus
921 295 1112 333 comicum
1142 297 1342 344 provocati
1375 302 1466 335 sunt
1495 301 1635 346 poetae

219 363 353 400 comici
377 362 599 410 tragoediis,
631 363 671 399 in
700 363 841 413 quibus
872 362 962 399 illae
993 363 1148 400 fabulae
1179 377 1229 400 ex
1260 365 1503 413 mythologia
1533 378 1634 401 sum—

220 436 310 478 ptae
342 429 686 476 componebantur.
745 430 819 466 Sed
850 443 969 466 unum
1001 430 1072 466 hac
1112 430 1153 466 in
1184 442 1225 466 re
1255 432 1515 468 necessarium
1547 444 1631 469 esse

219 497 395 542 videtur,
436 497 538 546 quod
571 497 710 533 summi
740 497 925 534 momenti
958 501 1037 542 est,
1076 502 1231 544 poetam
1263 509 1326 533 eas
1357 510 1418 534 res
1448 499 1634 546 praescri-

219 565 324 609 bere,
356 575 455 613 quae
487 563 541 599 eis
573 563 639 613 qui
670 564 908 612 spectabant,
939 577 1019 600 non
1049 564 1227 611 ignotae,
1259 564 1325 600 sed
1354 564 1418 601 vel
1448 578 1497 601 ex
1527 565 1646 616 lecti-r

217 631 335 668 tando
367 630 430 667 vel
473 643 522 667 ex
554 630 744 667 audiendo
785 630 1010 668 notissimae
1048 631 1220 668 fuerunt.
1290 630 1402 671 Quod
1443 632 1635 679 imprimis

216 698 336 734 fuisse
367 698 468 746 apud
501 697 668 734 Graecos
707 697 849 734 saeculi
881 698 1007 748 quinti
1049 704 1087 736 et
1132 700 1261 749 quarti
1305 711 1635 747 supervacaneum

219 769 279 801 est
309 777 489 811 monere,
522 777 611 801 nam
643 778 741 802 unus
773 765 938 815 quisque
969 767 1270 803 Atheniensium
1302 770 1466 804 noverat
1496 772 1632 814 poetas

218 831 387 879 tragicos
418 832 566 880 patriae
596 836 714 882 atque
744 832 897 868 fabulas
939 833 987 868 ab
1030 833 1085 869 eis
1127 833 1166 868 in
1199 833 1409 881 tragoediis
1439 837 1635 870 tractatas.

218 902 350 949 Atque
380 900 454 936 hoc
484 899 712 947 praesertim
743 899 930 946 probatur
960 900 1178 946 fragmento
1210 900 1450 948 Antiphanis
1481 913 1635 937 comoe-

217 966 313 1012 diae,
346 966 405 1003 cui
438 970 497 1003 est
527 965 664 1002 titulus
696 965 865 1012 ποίησις,
898 967 964 1003 ubi
996 966 1179 1014 leguntur
1208 967 1375 1004 haecce:

487 1027 704 1081 Μακάριόν
736 1030 837 1069 ἐστιν
868 1027 893 1080 ἦ
924 1032 1120 1084 τραγῳδία

491 1100 653 1147 Ποίημα
683 1096 781 1136 κατὰ
813 1095 937 1145 πάντ’,
970 1099 1046 1151 εἴγε
1068 1102 1225 1150 πρῶτον
1257 1099 1296 1138 οἱ
1323 1097 1431 1150 λόγοι

484 1161 582 1203 Ὑπὸ
613 1168 689 1203 τῶν
719 1168 876 1204 θεατῶν
907 1165 1003 1205 εἰσὶν
1035 1166 1324 1218 ἐγνωρισμένοι,

492 1232 595 1283 Πρὶν
626 1232 692 1271 καὶ
722 1230 789 1271 τιν’
827 1233 968 1272 εἰπεῖν·
1002 1230 1053 1278 ὦς
1084 1230 1308 1284 ὑπομνῆσαι
1336 1231 1457 1283 μόνον

488 1304 560 1338 Δεῖ
586 1297 654 1338 τὸν
686 1297 862 1349 ποιητήν.
928 1300 1121 1339 Οἰδίπουν
1156 1298 1229 1352 γάρ
1261 1297 1311 1339 ἂν
1342 1298 1465 1350 μόνον

492 1369 576 1414 Φῶ,
609 1364 724 1405 τᾶλλα
755 1364 866 1406 πάντ’
900 1368 1047 1406 ἴσασιν·
1081 1364 1103 1407 ὁ
1133 1366 1260 1418 πατὴρ
1293 1367 1422 1414 Λάϊος
1453 1384 1533 1421 eqs.

219 1437 352 1486 itaque
383 1450 572 1485 personae
600 1439 823 1485 tragoediae
853 1438 917 1475 vel
938 1439 1124 1475 historiae
1145 1438 1332 1475 fabularis
1362 1438 1403 1474 in
1425 1438 1636 1485 tragoediis

219 1505 435 1552 descriptae
467 1518 580 1541 nemo
603 1505 677 1542 fuit
701 1518 814 1555 quem
837 1506 1029 1553 fugerent,
1061 1519 1137 1556 quo
1174 1506 1317 1542 factum
1350 1510 1418 1550 est,
1451 1511 1495 1543 ut
1516 1505 1634 1542 Athe-

218 1571 373 1608 nienses
414 1585 499 1609 cum
543 1573 583 1608 in
618 1573 825 1609 comoediis
862 1573 966 1610 vitae
999 1573 1215 1610 cotidianae
1248 1577 1487 1620 comparatas
1517 1572 1635 1610 vidis-

220 1645 308 1676 sent
337 1652 523 1687 personas
556 1653 640 1676 cum
671 1641 877 1686 heroibus,
920 1641 1014 1677 talia
1044 1640 1420 1688 paratragodumena
1440 1639 1634 1688 perspice-

216 1714 325 1752 rent,
368 1712 411 1744 ut
448 1707 526 1743 illis
558 1707 658 1743 risus
693 1707 939 1744 excitaretur.
1001 1706 1109 1746 Quae
1146 1720 1207 1743 res
1238 1720 1329 1743 num
1362 1708 1418 1743 ita
1448 1720 1487 1744 se
1517 1707 1634 1743 habe-

215 1780 303 1811 rent
334 1775 435 1822 apud
466 1775 663 1811 Romanos
704 1788 789 1811 cum
838 1775 877 1810 in
913 1773 1122 1811 comoediis
1153 1774 1346 1811 Plautinis
1387 1778 1635 1811 occurrerent

219 1843 334 1878 rebus
365 1854 415 1878 ex
446 1841 679 1878 Graecorum
710 1841 874 1879 historia
902 1842 1067 1878 fabulari
1101 1842 1286 1889 sumptis,
1327 1842 1630 1878 examinandum

218 1909 312 1945 mihi
335 1909 532 1956 proposui.
595 1908 719 1948 Quam
742 1909 1056 1959 disquisitionem
1086 1914 1129 1945 ut
1159 1909 1402 1945 instituerem
1434 1913 1632 1957 permotus

217 1989 300 2013 sum
342 1989 412 2024 per
452 1977 548 2013 duos
586 1976 692 2013 viros
723 1977 875 2022 doctos,
920 1989 1083 2025 quorum
1127 1976 1344 2013 sententiae
1384 1976 1505 2014 altera
1545 1989 1631 2014 cum

215 2044 337 2081 altera
366 2049 543 2092 pugnant
573 2056 701 2093 neque
730 2056 914 2094 umquam
947 2044 1127 2091 componi
1160 2050 1334 2091 possunt.
1394 2047 1524 2094 Atque
1555 2043 1632 2091 pri-

218 2125 322 2148 mum
354 2111 509 2162 quidem
532 2111 795 2159 Kiesslingius
825 2112 867 2147 in
898 2111 1060 2148 analect.
1084 2111 1208 2148 Plaut.
1231 2111 1443 2159 particulae
1474 2110 1633 2148 alterius

216 2183 326 2227 parte
355 2179 524 2216 secunda
554 2191 639 2215 mea
669 2178 824 2228 quidem
858 2178 1052 2215 sententia
1083 2191 1150 2214 suo
1181 2179 1265 2215 iure
1294 2179 1494 2216 contendit
1523 2191 1632 2226 para—

216 2248 497 2294 tragodumena
526 2246 567 2282 in
591 2246 720 2283 Plauti
743 2246 951 2283 comoediis
982 2259 1061 2282 non
1093 2259 1143 2282 ex
1164 2246 1295 2282 latinis
1316 2246 1534 2295 aequalium
1557 2250 1632 2282 tra-

219 2314 369 2362 goediis
401 2315 553 2351 detorta
584 2327 687 2359 esse,
721 2315 785 2351 sed
817 2326 867 2350 ex
899 2314 1055 2351 Graecis
1087 2313 1369 2351 comoediarum
1401 2314 1632 2361 exemplari-

216 2382 289 2418 bus
329 2381 511 2426 fluxisse,
555 2395 640 2418 cum
672 2381 811 2419 Naevii
842 2381 1039 2431 Enniique
1081 2380 1236 2417 fabulae
1278 2393 1356 2416 non
1400 2385 1479 2417 tam
1517 2393 1631 2428 saepe

220 2455 439 2496 agerentur,
471 2455 514 2485 ut
544 2454 583 2485 et
613 2448 743 2486 Plauti
775 2449 983 2485 memoriae
1014 2447 1255 2495 singularum
1287 2459 1488 2484 scenarum
1519 2461 1631 2495 argu-

217 2522 347 2553 menta
378 2521 417 2552 et
445 2517 570 2553 facete
601 2515 703 2552 dicta
735 2522 886 2563 praesto
919 2522 1048 2552 essent
1079 2522 1118 2553 et
1147 2520 1384 2563 spectatores
1415 2514 1545 2552 statim
1575 2520 1632 2552 ta-

216 2583 311 2619 lium
342 2584 514 2620 iocorum
546 2582 708 2620 consilia
738 2595 949 2630 agnoscere
979 2587 1139 2631 possent
1159 2582 1207 2632 ¹).
1266 2582 1509 2620 Ribbeckius
1538 2595 1630 2619 vero

312 2670 343 2713 1)
369 2672 542 2702 Praeterea
576 2672 614 2701 de
639 2673 787 2710 Bagnato
822 2674 842 2701 l.
871 2674 892 2702 l.
929 2676 960 2702 et
984 2672 1125 2701 Meierus
1161 2681 1271 2710 opusc.
1307 2671 1395 2701 acad.
1421 2672 1452 2700 II
1488 2680 1540 2709 pg.
1567 2672 1631 2702 350
