1857 3089
742 192 1021 234 -57—

176 310 428 348 gynaecea
456 296 641 346 (Mostell.
665 296 757 334 755.
782 296 872 334 756.
897 295 989 332 759.
1013 294 1125 342 908),
1157 295 1344 331 habemus
1374 293 1589 330 balneas

180 365 366 416 (Mostell.
405 365 526 414 756.),
570 364 817 413 porticum
856 362 1039 413 (Mostell.
1085 362 1176 399 756.
1220 361 1342 411 908.),
1394 362 1591 398 hortum

175 438 267 482 post
306 433 460 470 domum
502 433 617 470 situm
668 431 851 481 (Mostell.
896 434 1014 468 1045.
1065 430 1184 468 Stich.
1228 433 1320 466 452.
1365 430 1458 466 437.
1501 431 1591 465 614.

175 502 284 539 Asin.
319 501 409 538 741.
442 501 525 539 Mil.
558 501 654 549 glor.
687 503 780 537 340.
814 499 907 537 378.
941 499 1057 536 Merc.
1092 502 1184 535 998.
1219 498 1346 536 Oasin.
1372 501 1464 535 503.
1496 497 1591 534 Tru-

178 570 253 607 cul.
278 573 370 607 222.
404 569 517 618 Epid.
541 572 633 606 649.
665 569 771 605 Pers.
804 567 912 616 444).
974 566 1124 604 Deinde
1155 566 1255 613 vide,
1289 578 1444 617 quaeso,
1477 566 1590 602 aedes

175 637 350 675 obserari
406 637 551 675 clave
589 636 837 673 Laconica
877 635 1063 685 (Mostell.
1110 634 1221 683 404.)
1264 638 1381 685 atque
1424 634 1592 683 parietes

175 708 331 743 ornatas
363 717 446 742 esse
476 703 663 741 tabulis
700 703 860 752 pictis
903 703 1087 753 (Mostell.
1122 705 1214 739 832.
1262 702 1462 740 Menaech.
1500 701 1589 738 147.

173 775 290 810 Merc.
331 775 422 810 311.
457 772 570 821 Epid.
604 771 726 821 616),
768 772 1017 821 quamobrem
1049 771 1194 818 Helbig
1224 770 1592 820 (Untersuchungen

174 842 271 878 iiber
302 841 362 878 die
395 853 523 889 pomp.
549 839 835 876 Wandmalerei
868 852 930 887 pg.
956 838 1052 888 320)
1085 843 1123 876 et
1148 838 1289 875 Nissen
1320 838 1436 885 (stud.
1458 850 1590 886 pomp.

171 923 234 959 pg.
277 909 386 958 650.)
456 911 704 954 erraverunt,
749 907 815 958 qui
865 920 915 944 ex
959 907 1019 944 his
1058 907 1154 944 locis
1196 906 1387 943 Plautinis
1426 905 1590 953 college-

171 982 282 1024 runt,
323 977 494 1026 picturas
537 975 728 1024 parietum
770 976 846 1012 iam
877 975 1006 1013 Plauti
1048 978 1173 1012 aetate
1205 975 1353 1012 Romae
1384 977 1588 1022 usurpatas

173 1060 268 1092 esse,
302 1059 386 1082 cum
418 1044 547 1093 potius
580 1044 784 1081 Menandri
816 1043 967 1081 saeculo
992 1043 1158 1081 Athenis
1179 1044 1280 1080 hanc
1301 1041 1480 1079 luxuriae
1502 1054 1590 1090 spe—

173 1114 269 1151 ciem
304 1113 446 1150 cultam
477 1124 560 1149 esse
591 1111 784 1149 Plautinis
814 1111 1049 1149 testimoniis
1081 1111 1341 1149 confirmetur.

286 1184 414 1232 Atque
433 1179 548 1217 etiam
571 1179 602 1216 si
624 1179 741 1225 locos,
766 1179 834 1217 ubi
856 1179 1157 1228 impluvium
1182 1179 1413 1216 describitur
1430 1178 1589 1227 (Amph.

179 1252 291 1286 1108.
324 1248 407 1286 Mil.
440 1248 534 1296 glor.
573 1251 663 1285 159.
701 1248 787 1284 175.
822 1248 917 1284 287.
951 1248 1060 1295 553),
1105 1250 1280 1285 accurate
1311 1247 1590 1295 interpretatus

172 1317 258 1363 eris,
290 1316 449 1353 dubium
481 1328 559 1352 non
582 1316 665 1362 erit,
699 1315 793 1366 quin
824 1316 1012 1353 concedas
1042 1315 1109 1353 illo
1141 1316 1236 1362 loco,
1269 1315 1335 1352 ubi
1357 1314 1588 1363 impluvium

172 1385 415 1430 nominatur,
461 1384 648 1422 Graecum
681 1384 998 1434 peristylion
1030 1384 1216 1430 describi,
1256 1389 1375 1434 atque
1406 1383 1588 1420 Plautum

171 1453 359 1492 vocabulo
390 1452 569 1501 impluvii
602 1452 840 1501 significasse
882 1465 966 1489 eam
998 1452 1149 1489 aedium
1182 1456 1353 1501 partem,
1399 1463 1497 1503 quae
1530 1455 1590 1487 est

173 1522 213 1558 in
232 1522 379 1558 Graeca
411 1521 527 1558 domu
558 1521 628 1557 sub
661 1520 778 1558 caelo.
840 1523 899 1557 An
922 1533 963 1558 re
985 1534 1078 1558 vera
1109 1521 1328 1572 quisquam,
1361 1520 1427 1571 qui
1458 1522 1517 1557 est
1547 1518 1589 1554 in

169 1594 283 1635 tecto,
315 1601 385 1638 per
406 1588 637 1637 impluvium
660 1588 794 1626 videre
826 1588 964 1637 potuit,
998 1589 1091 1640 quid
1113 1592 1294 1637 ageretur
1324 1588 1365 1624 in
1389 1586 1586 1626 conclavi-

173 1659 256 1704 bus,
289 1669 388 1708 quae
420 1660 511 1694 sunt
542 1656 685 1693 circum
716 1656 886 1693 atrium?
947 1656 1145 1697 Quantum
1167 1670 1238 1705 ego
1261 1657 1393 1695 videre
1415 1668 1586 1704 possum,

172 1727 246 1764 hoc
278 1725 462 1774 perfacile
505 1729 564 1762 est
603 1725 637 1761 ei
677 1724 742 1776 qui
777 1729 835 1763 est
871 1725 913 1762 in
944 1725 1136 1776 peristylii
1169 1729 1283 1772 tecto,
1316 1724 1587 1762 difficillimum

173 1795 207 1831 ei
240 1794 305 1845 qui
338 1797 396 1831 est
427 1793 467 1830 in
490 1797 592 1831 tecto
617 1793 717 1839 atrii,
751 1794 854 1844 quod
884 1793 961 1830 iam
988 1798 1070 1832 tota
1091 1794 1272 1843 impluvii
1294 1791 1585 1831 constructione

173 1862 405 1911 postulatur.
465 1862 538 1898 Sed
571 1862 617 1898 de
648 1861 719 1898 hac
750 1874 791 1898 re
823 1874 902 1898 non
933 1862 1099 1910 amplius
1131 1875 1264 1910 agam:
1296 1862 1327 1899 si
1360 1861 1417 1898 dis
1448 1861 1587 1909 placet,

172 1931 247 1968 alio
279 1931 363 1968 loco
396 1931 484 1968 data
515 1942 633 1979 opera
663 1930 757 1967 haec
789 1930 918 1967 omnia
950 1931 1200 1979 expositurus
1232 1944 1337 1976 sum,
1381 1941 1480 1980 quae
1509 1927 1585 1964 iam

172 1999 315 2036 dudum
346 1998 527 2046 indagavi
559 2006 674 2049 atque
706 1999 902 2037 adnotavi.

290 2067 429 2104 Verum
462 2066 617 2104 silentio
649 2067 862 2115 praeterire
899 2081 977 2105 non
1007 2081 1164 2117 possum
1195 2067 1291 2104 illud
1324 2068 1585 2115 fragmentum

172 2135 375 2173 Plautinae
417 2135 638 2172 comoediae
679 2136 864 2173 Boeotiae
903 2137 1005 2185 apud
1049 2136 1214 2173 Gellium
1257 2139 1474 2179 servatum,
1520 2133 1586 2170 ubi

170 2203 364 2252 parasitus
395 2217 482 2240 eum
514 2208 678 2250 accusat,
711 2204 777 2255 qui
810 2204 957 2253 primus
988 2205 1171 2242 solarium
1203 2203 1339 2242 statuit
1369 2203 1462 2253 (ΙΙΙ.
1487 2206 1522 2249 3,
1548 2201 1587 2251 5)

311 2272 364 2310 Ut
392 2272 502 2309 illum
535 2272 572 2309 di
603 2274 778 2321 perdant,
810 2273 959 2322 primus
991 2275 1056 2325 qui
1087 2275 1204 2311 horas
1234 2272 1417 2322 repperit,

313 2340 469 2391 Quique
498 2341 594 2378 adeo
626 2341 773 2390 primus
805 2342 942 2379 statuit
972 2343 1036 2379 hic
1066 2342 1261 2379 solarium.

315 2440 322 2446 .
346 2439 353 2446 .
377 2439 384 2446 .
416 2408 557 2459 Itaque
589 2410 684 2446 adeo
715 2409 792 2445 iam
824 2409 1023 2458 oppletum
1056 2410 1240 2459 oppidum
1273 2413 1331 2446 est
1361 2408 1522 2453 solariis,

313 2477 439 2514 Maior
468 2489 558 2526 pars
589 2477 724 2526 populi
755 2477 852 2514 aridi
883 2483 1041 2527 reptant
1065 2480 1177 2515 fame.

172 2576 320 2614 Denique
345 2577 543 2616 phylacistae
577 2578 624 2607 illi
660 2588 771 2609 omnes
797 2584 890 2616 sunt,
927 2581 979 2617 qui
1004 2583 1116 2618 petant
1141 2582 1311 2618 argentum
1347 2580 1366 2608 i.
1395 2589 1421 2608 e.
1447 2579 1585 2608 fullones

171 2633 309 2670 aliique,
348 2643 451 2671 neque
477 2642 556 2664 vero
582 2635 739 2664 nominari
764 2639 900 2673 possunt
922 2640 1051 2674 praeter
1075 2640 1236 2673 textores,
1261 2636 1420 2672 fullones,
1446 2635 1584 2664 linanos.

170 2690 258 2728 Ergo
284 2690 335 2720 hic
360 2691 448 2720 locus
473 2691 554 2720 nihil
579 2691 618 2720 ad
642 2700 722 2721 rem.
