1857 3089
803 199 1082 242 -38-

441 297 608 353 γόγγρον
638 299 707 351 μὲν
739 298 868 353 ὥσπερ
901 296 922 340 ὁ
957 302 1137 353 Πρίαμος
1168 298 1235 341 τόν
1254 300 1427 356 ’Ἕκτορα

439 364 535 406 ὅσον
565 367 754 415 εἵλκυσεν,
786 370 948 408 τοσοῦτο
981 373 1167 415 καταθεῖς
1199 367 1404 421 ἐπριάμην.

352 437 438 478 Quo
470 437 512 473 in
541 437 627 474 loco
660 435 836 475 εἵλκυσεν
867 438 968 475 sicut
998 439 1100 489 apud
1121 438 1287 475 latinum
1308 443 1463 488 poetam
1494 444 1652 489 ‘expen-

237 518 301 542 sus
331 502 417 541 fuit’
463 504 625 541 eandem
663 518 744 542 rem
776 505 959 555 respicit,
1007 500 1105 555 quae
1141 506 1183 542 in
1226 507 1413 556 Aeschyli
1452 508 1653 554 tragoedia

240 569 366 621 Φρυξὶ
397 566 424 619 ἢ
450 567 645 621 ’Έκτορος
674 570 827 623 λύτροις
868 576 1035 611 tractata
1073 573 1160 611 fm‘t.
1220 574 1320 611 Nam
1364 574 1576 612 scholiasta
1604 576 1653 612 ad

235 639 348 676 Iliad.
383 640 438 686 K,
481 641 574 685 351,
606 640 681 677 hoc
710 641 883 690 profert:
929 634 954 688 ἡ
987 639 1116 689 διπλῆ,
1149 636 1209 677 ὅτι
1244 635 1511 690 ὑπερβολικῶς
1541 638 1649 691 λέγει·

236 700 257 742 ὁ
284 703 325 743 δὲ
346 704 540 755 Αἴσχυλος
572 701 629 744 ἐπ’
651 701 836 755 ἀληθείας
860 703 1152 756 ἀνθιστάμενον
1174 703 1316 757 χρυσόν
1340 707 1528 757 πεποίηκε
1555 703 1654 759 πρὸς

235 769 276 810 td
296 768 490 822 ”Έκτορος
520 774 631 822 σῶμα
664 772 704 811 ἐν
738 773 874 824 Φρυξί,
935 778 1140 823 praeterea
1170 776 1246 812 hoc
1267 775 1472 814 invenitur
1491 776 1532 813 in
1556 789 1653 813 non-

235 841 354 878 nullis
384 841 490 879 vasis
520 840 638 890 pictis
670 843 718 879 cf.
752 842 967 879 Overbeck.
998 842 1024 880 l.
1056 842 1079 878 l.
1111 843 1189 879 tab.
1221 842 1315 880 XX.

349 909 476 947 Versu
498 908 667 959 denique
692 912 770 946 945
798 908 992 946 Charinus
1022 912 1157 946 narrat
1186 908 1322 955 amico,
1355 922 1441 946 cum
1461 910 1654 960 Zacynthi

235 976 338 1026 apud
360 976 557 1025 hospitem
579 976 729 1023 fuisset,
760 976 871 1013 illum
891 976 970 1012 iam
990 976 1321 1025 pronuntiavisse,
1353 978 1517 1014 amicam
1546 989 1654 1014 suam

236 1044 402 1081 Athenis
433 1043 602 1092 degere;
634 1044 698 1082 cui
729 1044 941 1093 respondet
961 1044 1189 1093 Eutychus:

593 1112 759 1149 Calchus
792 1111 948 1163 quidem
968 1111 1226 1160 Zacynthiust
1242 1111 1289 1160 1).

346 1178 372 1217 i.
403 1191 434 1215 e.
478 1191 565 1216 cum
602 1178 669 1216 ille
709 1180 855 1228 hospes
886 1191 1023 1218 verum
1054 1178 1391 1227 pronuntiaverit,
1435 1191 1552 1217 verus
1590 1182 1650 1216 est

236 1249 356 1291 vates,
389 1245 490 1283 sicut
520 1246 695 1294 Calchas,
728 1260 843 1298 quem
873 1250 1004 1286 vatem
1035 1246 1273 1283 Graecorum
1303 1246 1425 1283 fuisse
1457 1246 1551 1284 satis
1582 1260 1652 1284 no-

235 1317 318 1350 tum
349 1326 398 1350 ex
419 1313 545 1351 Iliade
567 1318 647 1359 est;
678 1318 883 1364 praeterea
905 1318 1037 1351 autem
1067 1315 1142 1351 hoc
1171 1313 1475 1363 proverbialiter
1505 1314 1653 1351 dictum

236 1385 314 1427 est,
359 1384 401 1418 ut
441 1381 539 1418 illud
578 1382 913 1431 Aristophaneum
955 1376 1171 1430 ἅνθρωπος
1219 1380 1358 1429 Θαλῆς.
1431 1381 1655 1419 Calchantis

235 1448 383 1485 mentio
415 1448 456 1485 in
486 1449 717 1496 fragmentis
751 1449 974 1487 comoediae
1006 1461 1131 1487 novae
1164 1461 1255 1486 casu
1285 1462 1364 1486 non
1396 1452 1544 1496 exstat,
1587 1449 1654 1486 sed

234 1516 408 1565 pertinet
437 1516 505 1554 illa
535 1516 583 1553 ad
614 1516 727 1554 Iliad.
758 1519 807 1555 A.
841 1521 892 1554 69
925 1531 1026 1569 eqs.:

1047 1585 1147 1620 τοῖσι
1177 1577 1211 1619 δ’
1241 1577 1380 1631 οἷνὲστη

445 1646 599 1699 Κάλχας
633 1650 879 1701 Θεστορίδης,
912 1646 1164 1689 οἰωνοπόλων
1197 1644 1251 1699 ὄχ’
1283 1645 1440 1700 ἄριστος

441 1713 485 1762 ὃς
519 1713 594 1771 ᾔδη
624 1714 671 1754 τά
705 1713 731 1755 τ’
764 1715 877 1756 ἐόντα
905 1714 952 1755 τά
984 1713 1014 1756 τ’
1045 1713 1208 1766 ἐσόμενα
1239 1713 1316 1768 πρό
1348 1712 1379 1754 τ’
1411 1714 1533 1756 ἐόντα.

350 1854 397 1890 In
440 1853 631 1892 militis
671 1855 889 1903 gloriosi
934 1868 1049 1893 versu
1085 1857 1189 1891 1245
1236 1854 1493 1902 interroganti
1526 1853 1651 1900 militi,

236 1925 365 1958 utrum
395 1921 563 1959 feminae
604 1923 758 1960 obviam
791 1924 960 1960 eundum
1003 1923 1054 1960 sit
1094 1935 1236 1968 necne,
1274 1921 1470 1959 dissuadet
1500 1934 1653 1959 servus:

332 2056 364 2093 1)
389 2056 559 2094 Quomodo
584 2057 717 2086 Plautus
743 2057 892 2095 regiones
916 2058 948 2086 in
968 2056 1101 2086 Graecis
1127 2056 1366 2095 exemplaribus
1390 2055 1568 2093 descriptas
1589 2064 1653 2083 non

236 2113 419 2149 mutaverit,
451 2116 585 2151 apparet
609 2123 648 2142 ex
673 2122 771 2142 versu
796 2114 870 2143 645.

238 2169 301 2199 Sed
327 2179 423 2207 quam
447 2169 572 2207 capiam
589 2170 754 2200 civitatem
779 2170 885 2207 cogito
910 2170 1132 2208 potissimum:
1158 2170 1315 2207 Megares,
1342 2169 1513 2204 Eretriam,
1540 2167 1652 2197 Corin-

236 2226 344 2262 thum,
372 2227 522 2262 Cretam,
548 2225 709 2264 Cyprum,
737 2226 917 2264 Sicyonem,
944 2226 1092 2263 Cnidum,
1117 2225 1337 2263 Zacynthum,
1364 2224 1526 2261 Lesbiam,
1551 2225 1653 2253 Boeo-

236 2282 334 2320 tiam3
371 2291 451 2319 quae
484 2291 594 2312 omnes
629 2287 704 2312 sunt
730 2282 873 2312 Graecae
907 2283 1067 2320 regiones.
1121 2282 1181 2312 Cui
1206 2282 1276 2311 loco
1302 2281 1442 2318 adiungo
1468 2280 1652 2325 Curculion.

237 2348 267 2367 v.
295 2339 380 2369 443:

645 2396 719 2432 quia
744 2395 828 2425 enim
852 2395 982 2433 Persas,
1009 2395 1246 2433 Paphlagones,

238 2449 388 2488 Sinopas,
413 2450 549 2486 Arabes,
576 2452 687 2488 Caras,
715 2452 890 2487 Oretanos,
918 2452 1041 2489 Syros,
1067 2461 1132 2489 eqs.
1148 2473 1155 2487 ,
1193 2450 1246 2479 ubi
1270 2449 1489 2487 Kiesslingius
1512 2449 1654 2487 perbene

238 2516 296 2544 pro
315 2507 463 2537 Cretanis
481 2506 571 2545 Syris
588 2508 724 2537 coniecit
742 2507 902 2537 ‘cretatos'
921 2507 1030 2546 Syros,
1056 2507 1141 2545 quod
1158 2507 1291 2536 Plautus
1315 2510 1447 2536 vertens
1472 2516 1511 2536 ex
1529 2506 1655 2536 Graeca

238 2563 349 2600 lingua
374 2563 509 2593 inseruit
534 2573 591 2601 pro
618 2560 826 2603 λευκοσύρων
852 2563 1023 2593 vocabulo.

327 2620 434 2657 Atque
468 2620 547 2649 haec
582 2619 690 2649 omnia
714 2620 900 2649 nonnullius
925 2620 1078 2650 momenti
1112 2623 1188 2649 sunt
1220 2619 1252 2648 in
1278 2618 1504 2649 constituenda
1528 2619 1653 2648 ratione

238 2675 346 2705 Plauti
371 2676 553 2705 comoedias
578 2675 803 2705 transferendi.
