1857 3089
805 203 1084 242 -44-

350 306 396 340 In
427 318 463 341 v.
502 307 575 340 199
608 304 733 341 Ballio
776 305 939 351 singulis
970 306 1237 343 meretricibus
1267 306 1526 354 imperaturus
1558 307 1651 357 quid

236 370 390 416 faciant,
423 372 713 408 Aeschrodorae
745 372 861 409 edicit
891 373 1029 410 hocce:

293 438 574 483 Aeschrodora,
606 442 648 475 tu
680 451 778 489 quae
800 440 943 477 amicos
973 440 1047 477 tibi
1068 440 1189 476 habes
1220 439 1402 475 lenonum
1425 440 1595 477 aemulos

293 503 448 550 Lanios,
482 504 549 554 qui
570 506 663 543 item
693 511 737 543 ut
768 519 838 543 nos
858 506 1021 543 iurando
1053 507 1137 543 iure
1159 506 1257 543 male
1288 519 1369 543 rem
1391 513 1594 557 quaerunt,

1338 574 1450 611 audi:

291 637 376 674 Nisi
408 639 584 675 carnaria
614 639 689 677 tria
720 640 881 688 gravida
912 641 1112 687 tegoribus
1145 653 1261 678 onere
1294 641 1403 677 uberi
1435 642 1550 678 hodie

294 704 389 741 Mihi
423 711 548 753 erunt,
581 719 664 744 cras
685 712 734 753 te,
767 707 878 759 quasi
901 708 1056 745 Dircam
1089 708 1180 745 olim
1212 713 1255 746 ut
1286 713 1502 746 memorant
1523 709 1596 746 duo

1210 775 1318 823 gnati
1349 776 1455 813 Iovis

292 838 516 877 Devinxere
559 842 606 878 ad
651 846 824 887 taurum,
866 842 959 879 item
1000 842 1116 879 hodie
1148 843 1409 890 constringam
1441 844 1487 879 ad
1518 856 1597 880 car-

1288 909 1451 956 narium,

291 973 335 1009 Id
366 973 437 1011 tibi
469 977 642 1023 profecto
673 981 806 1015 taurus
837 977 914 1014 fiet.

234 1041 321 1077 Hoc
352 1046 501 1089 spectat
537 1045 585 1081 ad
614 1044 755 1082 Dircae
787 1043 1019 1092 supplicium
1061 1044 1100 1080 in
1134 1045 1334 1093 Euripidis
1365 1045 1538 1093 Antiope
1570 1059 1656 1082 nar-

233 1113 380 1154 ratum,
428 1110 473 1147 cf.
518 1111 696 1159 Apollod.
738 1111 923 1148 Biblioth.
963 1112 1040 1148 III.
1074 1115 1116 1158 5,
1158 1116 1192 1150 5.
1239 1111 1277 1148 οἳ
1319 1108 1359 1149 δὲ
1390 1106 1655 1162 ἀναγνωρισά-

235 1187 342 1221 μενοι
385 1171 453 1224 miv
491 1176 634 1227 μητέρα
672 1174 740 1216 τὸν
776 1175 845 1226 μὲν
882 1174 1021 1215 Λύκον
1062 1178 1277 1225 κτείνουσι,
1322 1175 1392 1227 τὴν
1434 1177 1474 1216 δὲ
1506 1180 1655 1230 Δίρκην

235 1237 419 1289 δήσαντες
460 1242 501 1281 ἐκ
547 1241 694 1295 ταύρου
735 1246 939 1282 θανοῦσαν
983 1260 1062 1296 eqs.
1109 1247 1216 1282 Idem
1257 1248 1440 1285 tractavit
1481 1248 1656 1285 Eubulus

235 1309 274 1345 in
307 1311 478 1360 Antiope
511 1314 727 1360 comoedia,
774 1327 850 1364 qua
879 1313 1078 1362 Euripidis
1118 1314 1289 1351 fabulam
1320 1315 1457 1352 lusisse
1486 1316 1654 1352 videtur.

347 1378 443 1415 Tum
482 1380 522 1417 in
565 1392 679 1418 versu
713 1384 790 1418 869
830 1381 1006 1430 procedit
1042 1394 1188 1431 coquus
1228 1386 1344 1432 atque
1384 1382 1572 1430 gloriatur
1603 1396 1653 1430 se,

233 1449 276 1481 ut
307 1445 482 1483 Medeam
513 1447 682 1494 Peliam,
724 1448 780 1486 ita
814 1449 1031 1486 Ballionem
1062 1449 1353 1486 medicamentis
1384 1462 1516 1486 rursus
1546 1449 1655 1486 iuve-

233 1524 322 1549 nem
351 1515 591 1552 redditurum
623 1529 729 1553 esse:

437 1582 539 1619 Item
569 1587 612 1621 ut
642 1585 778 1621 Medea
806 1583 954 1621 Peliam
987 1584 1204 1634 conquoxit
1233 1597 1363 1621 senem
1395 1613 1568 1622 .....

438 1649 537 1687 Item
570 1664 640 1699 ego
671 1656 709 1689 te
740 1652 852 1689 facio.

346 1717 383 1753 Si
428 1718 500 1755 hac
539 1718 579 1754 in
621 1731 663 1755 re
694 1719 855 1757 Plautus
893 1719 986 1757 lusit
1029 1719 1174 1765 sciens,
1220 1718 1320 1757 sicut
1366 1720 1493 1757 voluit
1523 1721 1654 1757 Came-

233 1785 380 1831 rarius,
423 1799 509 1823 cum
540 1799 610 1835 pro
651 1789 806 1824 Aesone
838 1787 987 1824 Peliam
1027 1790 1191 1837 poneret
1222 1809 1274 1813 ——
1308 1787 1445 1824 Medea
1476 1787 1579 1824 enim
1610 1792 1654 1825 ut

234 1866 276 1889 re
307 1865 402 1890 vera
422 1855 617 1891 Aesonem
650 1868 698 1892 ex
719 1868 811 1892 sene
843 1855 1179 1892 adulescentulum
1201 1854 1306 1900 fecit,
1337 1855 1487 1891 Peliam
1517 1858 1649 1892 tamen

234 1920 337 1957 idem
358 1921 591 1958 beneficium
621 1921 798 1971 pollicita
827 1923 975 1960 auxilio
1007 1922 1176 1960 filiarum
1198 1922 1355 1960 necavit
1386 1944 1438 1948 -ψ
1470 1922 1502 1958 si
1531 1921 1654 1968 igitur

234 1987 410 2025 consulto
454 1989 615 2026 Plautus
665 1990 887 2037 significare
933 1990 1141 2035 voluisset,
1199 2003 1366 2040 coquum
1407 1989 1470 2026 his
1522 1989 1653 2027 verbis

235 2068 394 2104 operam
440 2057 598 2094 minime
643 2057 895 2094 adiutabilem
927 2058 1094 2095 Ballioni
1140 2058 1389 2107 promittere,
1433 2056 1502 2095 vix
1544 2061 1651 2106 puto,

232 2123 356 2160 ullum
387 2128 646 2173 spectatorem
676 2126 792 2162 huius
822 2125 898 2162 ioci
931 2138 1114 2163 cacumen
1147 2138 1351 2162 sensurum
1380 2124 1511 2161 fuisse.
1572 2125 1652 2161 Ita-

236 2204 310 2241 que
351 2196 433 2229 tota
472 2205 534 2229 res
576 2205 623 2229 ex
657 2192 804 2230 Graeco
847 2193 1060 2242 exemplari
1101 2193 1256 2242 pendet.
1318 2192 1391 2230 Sed
1422 2195 1553 2241 potest
1582 2191 1652 2228 ali-

236 2259 322 2309 quis
355 2260 519 2306 obverti,
552 2260 652 2310 quod
679 2260 812 2297 Cicero
845 2274 1000 2312 quoque
1031 2261 1071 2297 in
1103 2261 1150 2297 de
1181 2264 1381 2298 senectute
1410 2259 1498 2296 libr.
1532 2258 1552 2308 ξ
1578 2261 1650 2295 83:

236 2340 310 2377 quo
343 2327 499 2377 quidem
531 2341 593 2364 me
614 2327 928 2376 proficiscentem
959 2329 1063 2365 haud
1089 2341 1181 2365 sane
1214 2328 1300 2378 quis
1331 2327 1445 2364 facile
1475 2323 1651 2363 retraxe-

233 2394 286 2431 rit
327 2407 399 2431 nec
441 2399 640 2445 tamquam
682 2395 832 2432 Peliam
873 2395 1092 2433 recoxerit:
1136 2396 1297 2432 eandem
1336 2407 1419 2431 rem
1461 2393 1651 2431 narravit.

232 2463 287 2498 At
318 2462 419 2499 sicut
450 2462 582 2499 Cicero
615 2463 801 2499 memoria
833 2463 1017 2512 deceptus
1048 2476 1133 2500 esse
1162 2463 1340 2511 videtur,
1382 2461 1437 2498 sic
1468 2460 1650 2497 Plautum

234 2542 388 2579 quoque
438 2531 479 2566 in
524 2530 688 2566 eundem
732 2543 903 2567 errorem
943 2530 1128 2567 incidisse
1184 2534 1356 2567 statuere
1399 2528 1503 2565 licet.
1572 2528 1647 2564 Sed

232 2609 392 2643 vereor,
434 2610 481 2634 ne
511 2597 711 2635 Ciceronis
751 2597 882 2645 potius
914 2611 1023 2635 error
1064 2611 1083 2634 e
1115 2602 1247 2635 nostro
1294 2597 1380 2634 loco
1425 2599 1540 2632 natus
1586 2595 1649 2641 sit,
