1857 3089
767 219 1049 260 „37-

201 327 276 363 hoc
315 324 478 374 respicit
521 325 695 362 fabulam
734 324 826 361 inde
866 323 914 360 ab
945 322 1144 371 Aeschylo
1184 322 1376 368 nobilem,
1422 322 1624 370 Euripidis

201 393 368 430 Bacchis
400 391 650 430 celebratam.
713 390 963 439 Antiphanes
995 401 1151 439 quoque
1183 393 1222 426 et
1252 389 1452 438 Lysippus
1483 389 1623 427 comici

201 463 342 508 poetae
373 460 466 496 huic
497 459 654 496 fabulae
686 470 845 508 operam
877 457 1088 503 dederunt,
1121 470 1208 493 cum
1239 456 1368 493 relicti
1401 457 1483 493 sint
1514 456 1623 493 tituli

199 527 424 564 fabularum
444 526 603 564 illorum
625 529 830 575 poetarum
852 520 1055 572 ‘Baxxciv'‚
1089 536 1325 575 quamquam
1352 537 1432 561 non
1457 526 1623 570 constat,

203 608 297 632 num
331 595 372 631 in
404 594 460 632 eis
492 594 588 631 illud
620 592 788 630 Penthei
820 593 945 629 fatum
977 591 1201 641 expositum
1233 591 1293 628 sit.

313 663 362 699 In
395 675 512 700 versu
535 664 613 698 690
646 664 758 710 pater
779 658 1011 705 meretricis,
1045 672 1162 710 quam
1192 658 1298 696 filius
1330 658 1475 695 donum
1506 657 1624 695 matri

201 733 367 776 emerat,
409 728 705 779 pulchritudine
737 731 872 777 captus
916 726 989 763 sibi
1029 726 1105 775 ipsi
1137 726 1225 763 usui
1258 739 1342 763 esse
1375 724 1504 775 cupit;
1547 737 1623 775 quo

202 796 366 835 consilio
397 796 472 835 viri
503 800 708 846 perspecto
751 799 789 832 et
829 793 1054 832 domininae
1086 794 1269 831 nuntiato
1311 792 1455 830 ancilla
1494 804 1623 830 occas-

202 864 311 902 sione
341 864 451 901 illam
483 863 749 913 conspiciendi
781 865 895 912 parta
926 861 1045 899 dicit:

470 931 485 968 i
515 932 589 968 hac
619 944 783 977 mecum,
815 935 858 968 ut
886 930 1020 969 videas
1051 929 1168 967 simul

473 1003 579 1036 tuam
611 999 867 1036 Alcumenam
898 998 1092 1047 pellicem,
1123 998 1223 1034 Iuno
1255 1009 1351 1034 mea.

204 1067 292 1103 Hoc
314 1066 399 1104 loco
422 1071 577 1116 poetam
608 1080 694 1104 rem
714 1066 903 1104 Romanis
924 1067 1100 1114 ignotam
1125 1067 1295 1102 tractare
1326 1066 1490 1112 apparet
1519 1062 1623 1108 inde,

206 1135 307 1183 quod
341 1134 562 1183 explicandi
604 1146 719 1171 causa
749 1134 876 1171 addit:
915 1132 1107 1182 pellicem.
1166 1131 1489 1179 Intelligentibus
1520 1130 1625 1167 enim

203 1205 321 1238 ‘tuam
353 1198 620 1239 Alcumenam’
664 1201 758 1238 satis
801 1201 969 1238 fecisset.
1041 1201 1174 1250 Atque
1216 1198 1319 1236 sicut
1359 1198 1623 1248 metonymice

203 1268 358 1306 Ulixem
389 1282 459 1317 pro
487 1268 605 1315 socio,
638 1269 845 1306 Nestorem
877 1272 914 1306 et
935 1267 1098 1305 Thalem
1128 1280 1199 1316 pro
1232 1266 1410 1315 sapiente
1441 1265 1623 1315 usurpari

202 1335 391 1382 vidimus,
424 1336 479 1373 sic
509 1336 750 1374 Alcumenae
781 1349 923 1373 nomen
955 1335 1084 1372 induit
1116 1335 1319 1372 notionem
1349 1333 1515 1384 pellicis,
1548 1345 1625 1383 qua

201 1403 266 1440 via
296 1403 467 1452 praeivit
496 1404 786 1453 Aristophanes
818 1417 877 1442 av.
912 1403 1014 1440 557:

734 1469 799 1508 καὶ
831 1472 956 1508 τοῖσιν
986 1472 1139 1507 θεοῖσιν
1170 1463 1354 1507 ἀπειπεῖν

312 1534 378 1575 διὰ
410 1539 479 1587 τῆς
508 1535 636 1589 χώρας
665 1539 735 1588 τῆς
765 1532 955 1587 ὑμετέρας
987 1534 1167 1576 ἐστυκόσι
1199 1533 1252 1586 μὴ
1284 1536 1502 1584 διαφοιτᾶν

313 1601 444 1656 ὥσπερ
476 1602 667 1656 πρότερον
698 1601 968 1655 μοιχεύσοντες
997 1600 1066 1650 τοὶς
1097 1599 1316 1654 Λλκμήνας
1346 1601 1581 1652 κατέβαινον

313 1671 380 1711 καὶ
411 1670 481 1719 τοὶς
510 1668 677 1718 Ἀλόπας
709 1671 775 1712 καὶ
807 1668 875 1718 τας
908 1671 1080 1722 Σεμέλας

312 1743 435 1780 Porro
476 1742 518 1779 in
557 1756 594 1780 v.
636 1745 716 1779 488
757 1742 839 1779 filio
882 1741 1115 1779 lamentanti
1155 1741 1258 1792 quod
1299 1743 1412 1789 pater
1451 1739 1623 1789 puellam

199 1811 370 1847 vendere
411 1810 585 1847 animum
615 1810 837 1856 induxerit,
884 1810 994 1846 adest
1024 1809 1171 1846 amicus
1203 1809 1269 1860 qui
1301 1811 1452 1857 patrem
1484 1821 1524 1844 se
1556 1808 1621 1844 de-

198 1878 470 1915 fraudaturum
512 1882 552 1915 et
595 1882 717 1915 semet
758 1878 886 1927 ipsum
927 1877 1097 1927 puellam
1140 1880 1363 1926 empturum
1395 1888 1478 1912 esse
1509 1874 1622 1924 polli-

198 1948 330 1982 cetur:

197 2012 272 2049 Sed
304 2013 407 2050 unde
439 2013 516 2050 erit
545 2011 778 2061 argentum?

198 2081 393 2118 Achillem
417 2082 549 2127 orabo,
581 2094 718 2118 aurum
741 2086 785 2117 ut
805 2080 901 2117 mihi
931 2080 1006 2127 det,
1040 2080 1192 2117 Hector
1222 2080 1290 2130 qui
1312 2093 1509 2128 expensus
1532 2079 1617 2116 fuit.

197 2148 312 2186 Tanti
347 2149 483 2199 quanti
516 2148 654 2197 poscit,
686 2149 754 2186 vin
786 2148 886 2185 tanti
919 2160 1003 2185 eam
1035 2147 1191 2196 emi?1)

198 2216 386 2254 Conferas
417 2218 681 2264 fragmentum
713 2230 762 2254 ex
792 2215 945 2265 Diphili
976 2209 1160 2267 Ἐμπόρῳ
1193 2219 1410 2263 sumptum,
1443 2227 1519 2266 quo
1553 2228 1619 2253 ex-

196 2283 380 2332 plicatur,
411 2284 583 2336 aliquem
614 2297 684 2333 pro
718 2297 862 2331 congro
894 2287 1048 2320 tantum
1080 2283 1256 2329 solvisse,
1290 2287 1479 2334 quantum
1510 2283 1620 2320 Pria-

196 2364 282 2388 mus
314 2365 385 2401 pro
417 2352 602 2390 Hectoris
635 2365 798 2402 corpore
829 2351 1012 2389 solverit:

292 2534 324 2569 1)
361 2533 563 2570 Quamquam
588 2532 620 2561 in
645 2532 703 2562 illa
728 2540 825 2561 scena
849 2531 988 2569 vestigia
1013 2531 1252 2561 retractationis
1275 2531 1486 2560 inveniuntur
1503 2553 1510 2567 ,
1545 2539 1619 2560 cum

197 2589 248 2618 bis
274 2592 457 2626 quaeratur,
483 2588 568 2617 unde
592 2588 802 2626 repetendum
829 2588 869 2617 sit
897 2590 1078 2625 argentum,
1103 2591 1212 2617 tamen
1237 2591 1314 2626 puto
1339 2587 1536 2617 mentionem
1553 2587 1618 2615 He-

195 2645 292 2674 ctoris
326 2655 390 2674 non
415 2644 618 2674 tribuendam
643 2654 713 2673 esse
738 2644 957 2680 retractatori,
996 2644 1081 2681 quod
1116 2644 1170 2673 ille
1205 2646 1396 2673 retractator
1431 2646 1517 2672 certe
1551 2652 1618 2671 am-

194 2701 351 2740 plificavit
375 2700 533 2739 exempla,
559 2709 662 2738 neque
687 2708 766 2729 vero
790 2700 863 2738 ipsa
887 2700 1037 2738 exempla
1060 2699 1208 2731 inseruit.
