1857 3089
828 184 1106 226 -60-

263 288 558 339 inquisiverim,
605 291 734 325 tamen
777 291 1021 338 quaestorem
1052 288 1310 325 Stratonioum
1351 293 1395 327 ut
1437 289 1671 336 indagarem,

264 356 358 392 mihi
381 369 459 392 non
482 356 656 404 contigit.
717 357 853 407 Neque
884 369 977 394 vero
1009 356 1093 393 loco
1115 356 1297 393 Plautino
1321 356 1447 404 agitur
1479 358 1523 393 de
1555 368 1671 406 quae-

267 428 368 461 store
391 436 518 474 neque
549 425 594 460 de
618 424 775 470 divitiis,
809 428 1037 462 erraverunt
1066 424 1106 460 in
1137 423 1208 460 hae
1234 436 1276 460 re
1297 423 1370 461 viri
1402 425 1521 470 doeti3
1553 424 1672 461 verba

266 491 372 538 Gripi
406 495 496 528 sunt
526 493 685 529 haecce:

264 558 359 595 Post
389 559 506 595 animi
538 572 653 596 eausa
682 559 777 596 mihi
810 572 948 597 navem
987 559 1125 597 faciam
1164 562 1281 610 atque
1311 558 1494 595 imitabor
1525 558 1671 595 Strato-

1330 625 1471 671 nioum,

265 693 418 742 Oppida
448 693 820 733 circumvectitabor.
879 694 954 731 Ubi
986 693 1169 731 nobilitas
1200 706 1284 730 mea
1315 693 1389 730 erit
1419 691 1533 730 clara.

376 763 479 810 Ergo
512 762 653 810 Gripus
685 762 800 808 dicit,
845 762 1105 799 Stratonicum
1135 761 1254 798 animi
1287 774 1401 799 eausa
1431 760 1503 797 sibi
1535 772 1673 798 navem

262 829 420 876 fecisse,
461 836 500 866 et
540 830 684 878 oppida
721 830 1062 867 circumvectatum
1095 841 1177 865 esse
1218 833 1334 879 atque
1378 828 1518 865 multas
1559 829 1673 864 urbes

263 897 415 934 adiisse.
488 897 611 937 Quem
655 897 851 934 hominem
893 896 1064 934 inveniri
1115 909 1228 944 posse
1271 909 1497 944 persuasum
1537 896 1672 941 habeo,

264 978 352 1002 nam
383 965 423 1001 in
458 965 647 1002 Athenaei
681 965 780 1002 libro
812 965 913 1001 VIII
944 964 1080 1013 (348),
1120 963 1186 1000 ubi
1219 963 1265 999 de
1297 962 1498 1000 citharista
1527 962 1673 999 Strato-

265 1033 350 1069 nioo
382 1034 502 1070 verba
534 1033 700 1079 fiuntur,
744 1033 911 1070 Maohon
942 1037 1057 1080 poeta
1089 1031 1257 1068 comicus
1301 1034 1427 1068 aetate
1458 1043 1581 1067 novae
1613 1043 1674 1067 co-

264 1101 447 1147 moediae,
478 1101 587 1137 illum
619 1101 759 1138 multas
789 1101 904 1137 urbes
934 1099 1074 1136 adiisse
1105 1103 1255 1136 narrat:

468 1165 730 1219 Στρατόνικος
761 1162 1011 1216 ἐπεδήμησεν
1042 1165 1095 1211 εἰς
1122 1164 1270 1203 Πέλλαν
1302 1159 1397 1202 ποθ’
1419 1188 1470 1192 -

467 1232 730 1287 Στρατόνικος
760 1234 813 1280 εἰς
832 1230 994 1285 ’Ἄβδηρ’
1020 1229 1279 1282 ἀποδημήσας
1302 1231 1395 1270 ποτέ
1420 1255 1473 1260 -

468 1301 730 1355 Στρατόνικος
761 1298 782 1341 ὁ
813 1298 1040 1356 κιθαρῳδός
1072 1296 1124 1346 ῶς
1156 1297 1382 1351 Βηρισάὸην
1412 1300 1592 1338 ἔπλευσεν
1622 1323 1675 1326 -

465 1368 527 1409 Ἐν
559 1374 603 1425 τῇ
632 1372 819 1425 Κορίνθῳ
851 1367 1174 1422 παρεπεδήμησέν
1204 1383 1295 1407 ποτε
1328 1393 1376 1396 -——

467 1436 732 1491 Στρατόνικος
762 1434 784 1477 ὁ
816 1434 1044 1491 κιθαρῳδός
1078 1461 1131 1466 --

468 1504 810 1557 Ἐπιὸεικνυμένου
848 1503 959 1553 πόθ’,
993 1501 1044 1551 m‘g
1085 1504 1208 1543 ἔοικεν
1250 1503 1289 1542 ἐν
1318 1499 1469 1556 Ἐφέσῳ
1502 1532 1672 1540 .....

703 1572 837 1627 παρών
867 1571 965 1613 κατὰ
995 1570 1111 1624 τύχην
1143 1569 1165 1611 ὁ
1196 1568 1471 1624 Στρατόνικος.

265 1650 344 1683 tum
377 1659 425 1682 ex
455 1646 541 1683 aliis
573 1647 672 1694 apud
703 1647 949 1683 Athenaeum
983 1643 1236 1692 scriptoribus
1266 1642 1450 1689 legimus:

263 1709 328 1751 Ἐν
365 1714 577 1763 Τειχιοῦντι
610 1710 650 1750 δὲ
682 1714 748 1761 τῆς
781 1707 964 1760 Μιλήτου
996 1707 1185 1761 μιγάδων,
1219 1704 1270 1754 ὥς
1301 1705 1402 1759 ἑώρα
1433 1709 1530 1757 (scil.
1552 1707 1675 1756 Στρα-

1214 1773 1384 1827 τόνικος)
1416 1799 1471 1804 —

263 1846 331 1886 Ἐν
364 1849 584 1902 Μαρωνείᾳ
615 1846 656 1886 δὲ
686 1848 888 1897 συμπίνων
919 1845 1015 1884 τισὶν
1046 1847 1144 1898 (scil.
1177 1841 1456 1896 Στρατόνικος)
1488 1868 1541 1872 -

271 1914 449 1966 Νικήσας
480 1913 512 1954 δ’
545 1916 585 1955 ἐν
618 1918 791 1955 Σικυῶνι
822 1917 919 1967 (scil.
952 1912 1228 1966 Στρατόνικος)
1259 1936 1312 1941 —

272 1982 374 2030 Τοὺς
405 1983 445 2023 δὲ
468 1981 639 2031 Ῥοδίους
670 1980 692 2023 ό
719 1980 836 2029 αὐτὸς
857 1980 1120 2034 Στρατόνικος
1150 1983 1403 2026 σπαταλῶνας
1434 1979 1496 2018 καὶ
1529 1983 1672 2030 θερμο-

266 2050 388 2098 πότας
427 2056 605 2104 θεωρῶν.
666 2055 827 2091 Possum
868 2053 989 2089 multa
1031 2052 1106 2089 alia
1142 2065 1191 2088 ex
1221 2051 1288 2088 illo
1320 2050 1513 2088 Athenaei
1545 2048 1671 2097 capite

267 2123 446 2172 exempla
467 2124 662 2169 adnotare,
695 2123 761 2159 sed
791 2126 885 2170 puto
917 2120 1023 2157 hisee
1054 2120 1129 2156 iam
1153 2132 1201 2156 ex
1223 2120 1338 2156 rebus
1359 2118 1525 2165 intelligi
1548 2128 1672 2165 posse,

265 2191 374 2227 illum
396 2191 656 2229 Stratonioum
680 2190 819 2226 multas
841 2189 958 2225 urbes
989 2192 1027 2225 et
1048 2188 1184 2225 visisse
1217 2192 1256 2224 et
1279 2186 1424 2223 clarum
1447 2186 1587 2229 fuisse;
1618 2189 1675 2220 at-

267 2272 341 2309 que
363 2259 479 2296 istum
501 2259 739 2296 citharistam
759 2257 874 2294 etiam
892 2255 1132 2304 temporibus
1153 2267 1277 2292 novae
1294 2254 1526 2298 comoediae,
1550 2254 1675 2288 aetate

266 2326 441 2375 Diphili,
488 2326 595 2363 ouius
626 2325 795 2362 fabulam
826 2324 987 2360 Plautus
1032 2323 1072 2359 in
1105 2323 1284 2359 Rudente
1323 2324 1516 2365 verterat,
1556 2319 1675 2356 fuisse

266 2396 356 2432 inde
387 2401 558 2443 apparet,
591 2394 694 2443 quod
730 2391 880 2435 Φανίας
912 2388 1005 2438 φησὶ
1040 2387 1080 2426 δὲ
1112 2387 1175 2426 καὶ
1208 2389 1427 2436 τελευτῆσαι
1459 2383 1577 2424 αὐτόν
1609 2381 1673 2423 διοὶ

267 2458 337 2511 την
369 2461 408 2500 ἐν
441 2463 492 2513 τῷ
534 2461 667 2513 γελοίῳ
699 2458 916 2510 παῤῥησίαν
958 2453 1036 2495 ὑπὸ
1072 2454 1336 2501 Νικοκλέους,
1380 2457 1449 2493 τοῦ
1486 2454 1677 2504 Κυπρίων

268 2528 455 2580 βασιλέως
487 2525 699 2579 φάρμακον
722 2528 860 2565 πίοντα
891 2522 955 2563 δια
989 2521 1029 2562 τό
1054 2520 1246 2562 σκώπτειν
1276 2518 1397 2560 αὐτοῦ
1429 2519 1519 2567 τούς
1548 2517 1674 2565 ὖιούς.

268 2601 337 2637 Est
380 2602 507 2636 autem
540 2598 717 2635 Nicocles
747 2609 817 2634 rex
848 2595 913 2632 ille
944 2594 1173 2644 Cypriorum
1206 2606 1255 2629 ex
1300 2592 1504 2630 Isocrateis
1536 2591 1674 2628 oratio-

266 2668 381 2705 nibus
413 2666 647 2704 notissimus.
710 2666 811 2713 Ergo
842 2664 917 2701 fuit
947 2663 1012 2700 ille
1034 2662 1275 2700 Stratonicus
1306 2665 1431 2698 aetate
1462 2672 1587 2698 novae
1614 2672 1675 2696 eo-
