1857 3089
752 184 1027 225 —49-

297 287 448 325 Deinde
479 300 595 325 versu
629 290 705 325 305
739 286 854 323 huius
895 286 1049 323 fabulae
1095 285 1298 323 Pinacium
1329 298 1352 322 a
1382 285 1599 324 Philomela

185 357 232 393 ad
263 359 418 405 portum
450 355 589 392 missus
620 355 833 392 revertitur
871 358 909 390 et
939 354 986 390 ad
1026 353 1222 390 dominam
1253 354 1515 399 contendens,
1556 357 1599 391 ut

185 437 268 461 eam
303 428 445 471 augeat
475 423 672 472 insperato
705 424 818 467 bono,
851 422 947 458 haec
978 422 1098 459 verba
1128 422 1297 470 profert:

240 492 482 529 Contundam
514 492 617 528 facta
647 490 829 527 Talthubi
862 493 1187 540 contemnamque
1220 489 1345 526 omnis
1376 489 1554 526 nuntios:

239 559 439 610 Simulque
471 572 670 597 cursuram
701 557 918 594 meditabor
949 558 996 594 ad
1026 557 1138 594 ludos
1170 557 1385 606 Olympios.

182 628 434 677 Talthybium
473 627 592 664 fuisse
638 626 818 662 nuntium
865 625 1167 672 Agamemnonis
1208 625 1312 662 inter
1343 638 1476 661 omnes
1508 637 1600 661 con·

183 700 260 734 stat
291 710 339 734 ex
370 695 531 733 Homeri
564 695 675 732 Iliad.
708 688 754 731 A.
789 697 892 731 320:

295 760 384 800 οὐδ’
419 758 669 812 Ἀγαμέμνων

294 827 370 881 λῆγ’
408 828 547 880 ἔριδος,
579 825 649 877 τήν
680 830 836 878 πρῶτον
868 822 1092 877 ἕπηπείλησ’
1121 823 1274 877 Ἀχιλῆι,

295 894 366 935 ἄλλ’
403 894 466 949 ’ὅγε
503 893 728 945 Ταλθύβιόν
759 910 797 934 τε
835 894 898 933 καὶ
926 891 1163 946 Εὐρυβάτην
1194 892 1435 943 προσέειπεν,

294 963 344 1004 τώ
378 965 417 1003 οἵ
447 964 537 1003 ἕσαν
568 961 716 1013 κήρυκε
748 962 812 1001 καὶ
844 959 997 1014 ὀτρηραὶ
1031 959 1258 1013 θεράποντε.

182 1039 311 1087 Atque
361 1035 624 1072 introducitur
674 1032 906 1082 Talthybius
953 1033 1000 1069 ab
1056 1032 1244 1081 Euripide
1297 1031 1338 1068 in
1381 1031 1598 1068 Troadibus

180 1104 405 1152 tragoedia:

347 1165 505 1219 Ἑκάβη,
539 1165 691 1213 πυκνάς
722 1165 794 1219 γάρ
828 1162 949 1205 οἶσθά
982 1163 1014 1214 μ’
1051 1165 1104 1212 εἰς
1141 1166 1282 1217 Τροίαν
1314 1161 1432 1210 ὁδούς

349 1234 516 1276 ἐλθόντα
547 1265 746 1275 .......

347 1303 584 1356 ἐγνωσμένος
615 1302 655 1342 δὲ
686 1303 751 1342 καὶ
782 1299 957 1354 πάροιθέ
988 1314 1061 1349 σοι,
1093 1299 1220 1354 γύναι,

352 1369 574 1420 Ταλθύβιος
604 1370 701 1421 ἥκω,
734 1368 871 1409 καινὸν
901 1367 1070 1420 ἀγγέλων
1099 1366 1225 1421 λόγον,
1259 1384 1334 1422 quo
1365 1366 1467 1421 λόγῳ
1506 1383 1598 1408 con-

178 1444 326 1481 tinetur
356 1443 528 1489 narratio
575 1441 774 1479 omnnium
816 1440 1028 1485 malorum,
1074 1439 1113 1476 in
1157 1452 1254 1490 quae
1293 1440 1458 1476 Hecuba
1498 1440 1598 1476 eius-

180 1525 253 1563 que
296 1510 443 1548 familia
492 1509 725 1547 inciderunt.
799 1509 895 1545 Tum
939 1508 980 1545 in
1018 1507 1152 1557 Eurip.
1196 1507 1382 1545 Hecubae
1420 1520 1477 1545 vs.
1519 1511 1597 1545 503

176 1580 361 1628 legimus!

388 1641 608 1694 Ταλθύβιος
639 1640 734 1693 ἥκω,
770 1643 980 1681 Δαναϊδῶν
1010 1638 1220 1693 ὑπηρέτης,

379 1711 672 1764 Ἀγαμέμνονος
703 1710 948 1760 πέμψαντος,
981 1703 1012 1749 ὦ
1043 1707 1170 1762 γύναι,
1203 1708 1308 1759 μέτα.

382 1779 467 1831 Σὴν
498 1780 620 1818 παῖδα
652 1781 927 1818 κατθανοῦσαν
960 1775 1012 1823 ὥς
1042 1775 1196 1833 θάψῃς,
1229 1774 1353 1829 γύναι,

383 1847 464 1900 ἥκω
496 1849 746 1898 μεταστείχων
783 1860 833 1885 σε.
897 1851 1029 1899 Atque
1060 1848 1178 1885 etiam
1208 1848 1282 1884 hoc
1311 1846 1397 1884 loco
1429 1847 1594 1897 Talthy-

178 1922 264 1958 bius
304 1920 480 1957 miserias
523 1917 795 1968 pronuntiavit
836 1918 1034 1954 Hecubae.
1095 1915 1134 1952 Si
1167 1915 1467 1961 consideramus,
1510 1916 1595 1953 loco

179 1989 361 2026 Plautino
386 1988 587 2025 Pinacium
619 1986 795 2034 gavisum
829 1999 923 2032 esse,
957 1985 1058 2036 quod
1090 1983 1192 2020 nihil
1222 1983 1296 2020 nisi
1320 1983 1413 2020 boni
1446 1983 1594 2035 aliquid

178 2057 358 2094 dominae
401 2056 583 2093 nuntiare
614 2055 757 2104 possit,
802 2058 918 2105 atque
961 2054 1009 2090 ob
1055 2053 1157 2090 hanc
1198 2064 1351 2089 causam
1385 2065 1594 2101 exponere,

180 2139 219 2162 se
249 2125 450 2162 meliorem
484 2124 663 2161 nuntium
695 2136 810 2174 quam
846 2121 1099 2172 Talthybium
1131 2133 1224 2166 esse,
1258 2119 1325 2171 qui
1347 2121 1461 2157 modo
1494 2120 1596 2157 mala

178 2198 313 2231 narrat
335 2194 532 2239 Hecubae,
565 2206 677 2229 nemo
701 2191 861 2239 negabit
879 2191 976 2228 illud
1000 2189 1228 2227 Plautinum
1247 2190 1350 2225 hanc
1369 2201 1451 2225 rem
1473 2189 1595 2238 respi-

178 2275 287 2308 cere,
322 2274 397 2312 qua
427 2265 627 2307 narratur,
659 2259 911 2309 Talthybium
943 2258 1124 2296 nuntium
1153 2256 1246 2294 mali
1274 2270 1368 2294 esse.
1429 2257 1532 2304 Ergo
1564 2256 1595 2293 si

177 2331 251 2367 hoc
292 2329 695 2379 paratragodumenon
737 2329 857 2365 habet
889 2327 1083 2378 quandam
1114 2326 1211 2372 vim,
1255 2325 1371 2362 debet
1400 2324 1520 2362 fuisse
1551 2324 1592 2361 in

180 2411 224 2435 ea
253 2398 404 2444 fabula,
438 2410 536 2448 quae
568 2397 696 2434 statim
728 2395 897 2434 recurrit
927 2395 974 2432 ad
1004 2394 1100 2431 illud
1133 2392 1399 2443 Euripideum,
1430 2393 1454 2429 i.
1487 2407 1518 2429 e.
1550 2392 1591 2429 in

180 2466 325 2503 Graeca
363 2466 506 2503 fabula.
566 2466 639 2503 Sed
679 2465 755 2502 alia
793 2476 908 2501 causa
950 2466 1098 2508 exstat,
1142 2474 1218 2512 qua
1246 2461 1446 2507 firmetur,
1485 2461 1592 2497 hunc

179 2534 306 2571 locum
347 2534 511 2583 quodam
543 2534 700 2571 vinculo
743 2533 992 2570 coniunctum
1038 2544 1120 2568 esse
1161 2543 1246 2567 cum
1287 2529 1498 2576 tragoediis
1529 2529 1593 2566 vel

182 2614 279 2652 quae
321 2613 384 2637 eas
428 2601 714 2650 decerpserunt,
758 2600 968 2638 comoediis
1012 2598 1182 2636 Graecis.
1242 2598 1342 2634 Nam
1386 2596 1590 2633 Pinacium

1293 2736 1316 2768 4
