1857 3089
779 214 831 219 —
893 192 949 233 24
1008 216 1060 219 Vs,

316 292 440 329 Versu
466 295 542 329 156
577 293 773 332 minitanti
808 293 1098 332 adulescentulo
1121 296 1330 344 respondet
1350 297 1618 346 paedagogus:

374 360 446 396 Pol
477 363 607 398 metuo
638 361 771 409 magis,
803 374 851 398 ne
884 361 1065 398 Phoenix
1095 362 1172 399 tuis
1201 363 1315 401 factis
1345 364 1448 401 fuam

372 426 504 477 Teque
535 427 580 463 ad
613 431 762 475 patrem
792 431 987 466 mortuum
1017 428 1250 466 renuntiem.

316 494 524 531 Phoenicis
545 494 704 540 mentio,
735 495 924 532 adiutoris
954 499 993 533 et
1023 495 1176 533 comitis
1196 496 1373 543 Achillis,
1406 499 1498 536 satis
1529 502 1622 536 nota

205 575 255 598 ex
293 561 403 598 Iliad.
445 562 475 598 Ι.
522 564 598 598 448
644 575 735 612 eqs.‚
789 562 830 600 P.
875 565 951 599 555
994 575 1086 614 eqs.‚
1138 564 1180 600 Β.
1224 566 1301 600 681
1347 577 1427 615 eqs.
1492 567 1622 616 Atque

203 629 313 665 illum
356 629 474 666 Peleo
505 629 669 666 Achillis
711 632 874 667 mortem
912 630 1153 669 nuntiavisse
1191 635 1354 680 apparet
1396 644 1445 669 ex
1488 645 1533 669 ea
1569 646 1621 679 re,

211 697 314 747 quod
345 696 387 732 in
420 691 571 740 νόστοις
602 697 782 734 Phoenix
812 711 897 735 cum
928 698 1185 746 Neoptolemo
1228 698 1269 735 in
1299 700 1464 747 patriam
1494 711 1623 738 rever·
1656 719 1660 724 ·

208 776 273 801 sus
302 763 357 800 ibi
389 763 564 812 sepultus
596 777 678 801 esse
710 764 843 802 fertur.

321 830 368 867 In
400 843 515 869 versu
549 834 623 868 241
651 832 860 882 Chrysalus
891 844 1026 870 servus
1056 833 1290 870 Nicobulum
1321 846 1465 880 senem,
1495 846 1517 870 a
1548 847 1624 884 quo

208 912 247 936 se
271 902 473 946 argentum
490 898 709 936 ablaturum
732 912 815 936 esse
837 903 977 947 sperat,
1001 904 1200 948 comparat
1220 913 1306 937 cum
1329 901 1449 938 ariete
1467 901 1625 938 Phrixi:

207 965 320 1002 adibo
342 966 457 1012 hunc,
490 978 605 1016 quem
628 966 784 1016 quidem
806 979 876 1013 ego
898 966 1013 1003 hodie
1034 967 1171 1004 faciam
1193 967 1257 1003 hic
1278 968 1438 1004 arietem
1466 967 1628 1005 Phrixi:

209 1036 326 1084 atque
347 1033 421 1070 hoc
451 1033 610 1081 respicit
638 1034 808 1070 fabulam
833 1034 989 1072 Graecis
1020 1034 1272 1080 notissimam,
1303 1047 1418 1084 quam
1448 1034 1628 1072 Plautum

208 1114 286 1138 non
319 1113 369 1137 ex
387 1114 455 1137 suo
485 1100 656 1149 ingenio,
689 1102 753 1138 sed
777 1114 827 1138 ex
858 1101 1075 1150 exemplari
1100 1101 1246 1139 Graeco
1270 1101 1378 1138 nulla
1408 1114 1449 1138 re
1481 1105 1628 1139 mutata

210 1168 439 1217 sumpsisse,
482 1168 558 1204 iam
602 1168 691 1206 inde
734 1168 950 1216 colligitur,
999 1169 1100 1220 quod
1133 1169 1233 1205 nihil
1263 1168 1486 1217 explicandi
1518 1181 1631 1205 causa

211 1235 384 1273 additum
427 1239 497 1273 est.
568 1236 667 1272 Nam
716 1248 872 1273 censere
918 1236 1100 1273 debemus
1140 1236 1336 1273 Romanos
1375 1248 1453 1272 non
1497 1235 1627 1273 statim

214 1305 369 1351 praesto
400 1302 593 1349 habuisse,
625 1303 784 1341 arietem
808 1303 946 1340 Phrixi
981 1315 1139 1340 aureum
1171 1303 1302 1340 fuisse.
1361 1302 1487 1339 Simili
1517 1303 1629 1339 modo

212 1371 320 1408 nulla
349 1383 390 1408 re
413 1371 633 1419 explicandi
657 1383 771 1408 causa
791 1371 940 1409 adiecta
970 1371 1069 1408 ludit
1092 1370 1390 1407 Anaxandrides
1420 1370 1462 1406 in
1491 1368 1626 1406 fabula

207 1433 394 1475 Ὀδυσσεῖ
403 1454 413 1473 ;

297 1499 407 1554 ὑμεῖς
436 1500 508 1556 γάρ
541 1499 727 1553 ἀλλήλους
757 1501 817 1541 ἀεὶ
849 1500 1043 1553 χλευάζετ’,
1075 1499 1153 1541 οἶδ’
1190 1498 1382 1554 οἷκριβῶς·
1414 1531 1557 1541 ......

302 1567 468 1620 ὑφείλετ’
497 1567 594 1622 ὄὶρνα
625 1569 810 1620 ποιμένος
841 1572 999 1618 παίζων,
1032 1566 1185 1621 Ἀτρεὺς
1216 1567 1384 1619 ἐκλήθη·

303 1636 371 1678 ἐὰν
402 1638 523 1690 κρίον,
560 1638 715 1689 Φρίξος,
746 1634 793 1675 ἂν
822 1635 1019 1689 κωδάριον
1047 1633 1191 1676 Ἰάσων.

329 1709 375 1744 In
406 1721 522 1746 versu
554 1708 632 1745 275
664 1708 879 1745 Nicobulus
909 1707 1104 1756 hospitem
1135 1718 1329 1753 accusans,
1362 1706 1466 1757 quod
1497 1718 1635 1743 aurum

219 1776 401 1814 Nicobuli
434 1779 640 1823 averterat,
671 1776 782 1813 dicit:

390 1844 587 1892 Deceptus
619 1857 723 1880 sum:
754 1842 949 1880 Antoluco
980 1842 1125 1891 hospiti
1149 1854 1283 1878 aurum
1315 1841 1471 1878 credidi.

335 1911 413 1951 Qui
446 1911 664 1961 Antolycus
706 1911 809 1947 filius
840 1911 1022 1948 Mercurii
1054 1914 1215 1959 propter
1245 1912 1347 1947 artes
1377 1909 1528 1946 furaces
1565 1908 1641 1945 iam

222 1983 338 2017 notus
367 1979 570 2017 invenitur
599 1979 641 2015 in
672 1978 860 2029 Odyssiae
898 1978 938 2014 T.
972 1981 1072 2014 394:

793 2039 870 2093 μετ’
902 2039 1136 2081 Αὐτόλυκόν
1168 2055 1205 2079 τε
1236 2040 1302 2080 καὶ
1333 2036 1434 2088 υἷας,

368 2109 517 2165 μητρὸς
547 2111 615 2162 ἑῆς
645 2109 774 2164 πατέρ’
813 2107 965 2161 ἐσθλὸν,
998 2108 1041 2156 ὃς
1073 2106 1316 2161 ἀνθρώπους
1351 2107 1531 2147 ἐκέκαστο

369 2179 610 2235 κλεπτοσύνῃ
641 2177 685 2217 θ’
722 2176 880 2233 ὅρκῳτε.

227 2252 435 2288 Praeterea
464 2249 682 2299 Autolycus
726 2253 923 2300 tamquam
970 2260 1139 2296 proavus
1181 2246 1308 2283 furum
1342 2245 1573 2283 describitur
1602 2244 1644 2280 in

227 2319 338 2356 Iliad.
374 2317 420 2355 K.
454 2318 555 2354 267:
1489 2313 1492 2315 ’

531 2380 756 2428 Αὐτόλυκος
787 2378 952 2421 πυκινόν
984 2377 1107 2430 δόμον
1138 2374 1404 2429 ἀντιτορήσας.

231 2455 277 2492 cf.
318 2453 478 2490 Hesiod.
530 2453 666 2500 fragm.
712 2452 787 2501 (ed.
830 2451 991 2498 Goettl.)
1037 2453 1100 2486 96.
1143 2448 1271 2485 Tzetz.
1315 2447 1512 2496 Lycophr.
1555 2447 1648 2482 344.

230 2520 402 2560 κλέπτων
436 2516 507 2570 γάρ
539 2518 687 2562 ἵππους
716 2532 754 2555 τε
784 2516 848 2555 καὶ
881 2514 979 2566 βοάς
1009 2515 1074 2554 καὶ
1112 2515 1271 2563 ποίμνια
1312 2509 1382 2557 τοὶς
1422 2510 1645 2562 σφραγῖδας

231 2586 361 2628 αὐτῶν
414 2586 606 2636 μετεποίει
654 2584 720 2623 καὶ
769 2581 958 2623 ἐλάνθανε
1013 2579 1105 2627 τούς
1153 2578 1342 2625 δεσπότας
1391 2576 1544 2624 αὐτῶν,
1594 2573 1649 2621 ὥς

233 2669 331 2707 φησι
360 2653 426 2694 καὶ
455 2650 655 2699 Ἡσίοδος·
