1857 3089
828 209 1107 249 -15-

261 310 350 344 205.
385 310 462 343 251
496 308 733 345 mentionem
765 321 1095 357 supervacaneum
1127 316 1200 358 est,
1230 325 1317 349 nam
1348 313 1536 351 historiae
1565 314 1675 352 fabu-

257 375 348 411 laris
380 375 640 411 Romanorum
673 388 744 412 nec
774 376 863 413 vola
895 390 964 413 nec
995 378 1202 425 vestigium
1233 385 1406 428 apparet.

372 509 418 545 In
452 509 757 547 Aululariae
788 524 844 548 vs.
876 514 951 548 391
988 525 1067 562 eqs.
1129 512 1263 549 Euclio
1295 513 1456 551 clamat:

948 579 994 615 Ei
1027 580 1132 625 mihi,

399 644 501 680 Perii
535 645 664 682 hercle
696 657 782 693 ego:
816 659 951 682 aurum
982 647 1148 695 rapitur,
1181 647 1268 684 aula
1299 648 1508 698 quaeritur.

399 712 551 760 Apollo,
585 725 741 763 quaeso,
773 714 936 751 subveni
970 714 1018 750 mi
1053 718 1170 765 atque
1201 716 1366 754 adiuva:

399 779 559 826 confige
591 780 742 828 sagittis
773 781 879 817 fures
908 781 1220 820 thensaurarios:

399 845 473 885 Qui
506 847 545 883 in
577 860 617 884 re
648 847 715 884 tali
748 847 833 884 aliis
864 848 939 884 iam
972 849 1187 886 subvenisti
1220 850 1414 887 antidhac.

370 913 663 951 Demonstravit
703 914 963 961 Kiesslingius
982 914 1017 962 ¹)
1057 916 1127 952 hos
1164 929 1299 953 versus
1336 918 1560 954 referendos
1591 931 1674 956 esse

256 982 301 1017 ad
323 981 564 1018 invasionem
589 980 796 1027 Gallorum,
831 982 896 1032 qui
919 995 1020 1019 anno
1050 984 1142 1019 273.
1169 995 1200 1019 a.
1224 983 1311 1020 Chr.
1343 983 1516 1032 Delphos
1548 990 1674 1022 vasta-

256 1054 397 1085 verunt
427 1053 544 1098 atque
576 1049 709 1096 templi
745 1049 938 1097 Apollinis
971 1050 1138 1098 diripere
1170 1050 1294 1087 conati
1336 1056 1437 1088 sunt.
1479 1052 1527 1090 cf.
1562 1053 1673 1090 Paus.

256 1115 356 1151 VIII
387 1128 443 1163 op.
485 1118 551 1152 10:
595 1113 827 1162 ἐκδηλότατα
870 1113 910 1152 δὲ
945 1111 967 1153 o‘
1000 1117 1182 1154 Γαλατῶν
1213 1114 1375 1164 στρατός
1416 1114 1590 1156 ἀπώλετο
1634 1117 1674 1156 ἕν

260 1185 428 1228 Δελφοῖς
471 1177 546 1219 ὖηό
590 1184 658 1219 τοῦ
704 1185 822 1227 θεοῦ,
866 1183 929 1220 καὶ
975 1182 1146 1233 ἐναργῶς
1177 1180 1253 1221 ὑπό
1288 1182 1497 1233 δαιμόνων.
1562 1187 1673 1227 Quod

255 1250 284 1286 si
320 1251 542 1297 cogitamus,
575 1251 744 1298 perbene
777 1251 912 1288 Euclio
945 1257 1029 1289 orat
1059 1254 1105 1289 ab
1131 1253 1323 1300 Apolline,
1355 1259 1398 1290 ut
1429 1255 1530 1303 quod
1561 1261 1676 1292 antea

254 1318 412 1361 fecerit,
443 1318 480 1353 id
514 1318 653 1354 iterum
685 1319 820 1365 faciat,
865 1332 1002 1367 nempe
1033 1320 1197 1367 repellat
1237 1321 1342 1357 fures
1372 1321 1672 1366 thensaurarios,

255 1386 319 1435 qui
354 1389 395 1422 ut
427 1385 517 1421 olim
550 1386 782 1422 thensauros
804 1386 951 1434 templi,
982 1387 1036 1424 ita
1067 1400 1169 1423 nunc
1192 1388 1390 1424 Euclionis
1420 1388 1672 1424 thensaurum

255 1453 406 1488 auferre
448 1457 650 1489 conentur.
723 1454 771 1489 Et
810 1467 894 1489 cum
938 1454 1032 1490 haec
1077 1467 1137 1491 res
1187 1455 1225 1490 in
1268 1454 1413 1492 Graeco
1460 1455 1672 1503 exemplari

253 1521 437 1557 adnotata
468 1533 550 1556 esse
583 1521 731 1566 debeat,
764 1534 831 1557 suo
863 1521 946 1558 iure
974 1522 1153 1558 omnibus
1185 1523 1377 1570 persuasit
1398 1522 1672 1569 Kiesslingius,

253 1588 421 1623 fabulam
456 1600 569 1637 quam
603 1588 763 1624 Plautus
795 1593 948 1625 secutus
980 1593 1038 1625 est
1068 1589 1108 1625 in
1134 1589 1333 1626 Aulularia
1365 1590 1560 1635 Graecam,
1595 1602 1671 1625 non

255 1655 512 1702 conscriptam
545 1655 663 1691 fuisse
696 1656 768 1692 nisi
802 1660 889 1703 post
920 1668 981 1693 an.
1015 1658 1107 1693 273.
1141 1669 1172 1694 a.
1206 1658 1291 1693 Chr.
1326 1671 1362 1694 n.

371 1723 518 1758 Deinde
550 1722 588 1758 in
622 1736 675 1759 vs.
711 1726 785 1759 551
823 1736 902 1773 eqs.
934 1724 1034 1759 idem
1070 1723 1202 1760 Euclio
1234 1725 1348 1760 homo
1380 1737 1518 1761 avarus
1549 1724 1669 1760 intro-

255 1791 429 1835 ducitur,
475 1790 540 1840 qui
584 1796 819 1840 conquestus
865 1792 966 1841 quod
1005 1796 1080 1827 tam
1131 1792 1239 1828 multi
1283 1792 1394 1841 coqui
1436 1792 1475 1827 in
1517 1792 1671 1828 domum

254 1871 358 1894 suam
395 1858 587 1902 venerint,
623 1859 908 1905 Megaronidem
942 1858 1092 1895 iucusat
1123 1859 1182 1895 his
1212 1859 1361 1896 verbis:

428 1924 528 1964 Quid
562 1926 611 1962 sit
642 1938 701 1962 me
733 1925 900 1972 rogitas?
939 1926 1004 1976 qui
1039 1927 1150 1962 modo
1184 1926 1308 1962 omnis
1339 1925 1501 1971 angulos

426 1993 566 2029 Furum
600 1993 811 2041 implevisti
842 1994 881 2029 in
914 1994 1074 2030 aedibus
1105 1994 1244 2030 misero
1276 1994 1392 2030 mihi:

423 2058 496 2098 Qui
531 2060 776 2097 intromisisti
810 2061 849 2096 in
882 2061 995 2097 aedes
1027 2061 1263 2110 quingentos
1295 2074 1439 2111 coquos

423 2128 514 2164 Cum
548 2128 651 2164 senis
683 2128 861 2165 manibus
893 2141 1034 2175 genere
1067 2141 1329 2176 geryonaceo:

425 2195 531 2235 Quos
563 2195 591 2232 si
628 2198 755 2243 Argus
786 2200 915 2233 servet
945 2196 1010 2246 qui
1043 2196 1199 2233 oculeus
1229 2199 1334 2233 totus
1363 2195 1449 2241 fuit,

423 2262 544 2303 Quem
579 2264 771 2312 quondam
804 2264 891 2300 Ioni
924 2264 1024 2300 Iuno
1056 2265 1252 2301 custodem
1284 2263 1441 2308 addidit,

422 2331 462 2366 Is
493 2343 703 2380 numquam
737 2339 876 2369 servet.
919 2336 1120 2380 praeterea
1151 2332 1349 2368 tibicinam

423 2398 531 2437 Quae
560 2399 610 2434 mi
643 2399 882 2436 interbibere
914 2399 1005 2445 sola,
1037 2400 1066 2435 si
1100 2399 1191 2436 vino
1223 2403 1344 2434 scutat
1362 2397 1396 2444 2)

422 2465 732 2502 Corinthiensem
764 2467 910 2504 fontem
943 2467 1121 2502 Pirenam
1155 2470 1292 2513 potest.

347 2570 374 2601 1)
399 2570 541 2595 ceterum
574 2566 613 2594 ef.
640 2566 832 2602 Kiesslingii
859 2566 1012 2603 disputat.
1049 2566 1088 2595 de
1114 2566 1173 2594 hae
1204 2575 1238 2594 re
1276 2565 1307 2593 in
1335 2574 1416 2593 inus.
1444 2564 1532 2593 rhen.
1572 2565 1666 2594 1868.

252 2622 376 2651 XXIII.
405 2631 456 2659 pg.
487 2623 558 2651 214.
588 2623 662 2651 215.

343 2676 375 2719 2)
401 2678 447 2706 sic
480 2679 776 2716 interpungendum
812 2688 881 2707 esse
908 2688 1043 2716 censeo,
1082 2688 1145 2707 non
1181 2677 1378 2707 assentiente
1414 2676 1574 2714 Goetzio,
1612 2675 1666 2712 qui

253 2734 367 2764 scribit
379 2743 387 2762 ε
