1857 3089
750 200 1030 243 ..35-

294 310 341 345 In
371 319 487 346 versu
531 306 700 357 denique
733 305 811 343 178
843 304 959 342 huius
1001 301 1157 339 fabulae
1198 300 1297 337 alter
1339 311 1462 337 senex
1492 298 1605 335 alteri

182 377 279 415 vitio
312 375 397 421 dat,
443 373 546 425 quod
580 373 693 410 aliam
724 385 887 410 uxorem
930 371 971 407 in
1003 367 1294 406 matrimonium
1327 367 1467 404 ducere
1497 365 1604 410 velit,

183 443 277 481 satis
307 442 363 478 illi
398 454 481 479 esse
513 441 672 487 debere,
711 453 795 477 eam
824 450 987 476 uxorem
1021 448 1137 488 quam
1170 438 1285 473 antea
1315 433 1517 484 habuerit,
1548 432 1606 470 vi-

181 510 308 549 vendo
340 509 504 548 vicisse:
531 509 743 556 respondet
773 507 871 544 alter
900 517 1021 543 senex
1053 504 1317 552 Periphanes:

268 576 459 615 Hercules
490 589 561 623 ego
592 575 660 621 fui,
694 575 784 611 dum
814 574 883 610 illa
912 585 1062 610 mecum
1094 571 1191 609 fuit:

267 646 405 695 Neque
437 648 548 682 sexta
578 655 763 680 aerumna
793 641 971 680 acerbior
1001 639 1166 677 Herculi
1199 651 1314 690 quam
1344 637 1396 674 mi
1428 636 1496 674 illa

1204 706 1405 744 obiectast.

298 780 372 817 Sed
405 779 571 828 primurn
615 778 770 830 quidem
812 776 1090 828 inquirendum
1128 775 1307 821 videtur,
1355 785 1454 824 quae
1494 770 1613 808 fuerit

184 852 296 887 sexta
326 859 512 885 aerumna
534 846 728 893 Herculis,
761 849 878 897 atque
902 844 1164 892 Kiesslingius
1186 844 1288 880 Mus.
1319 842 1430 879 rhen.
1461 838 1614 876 XXIII

183 929 222 965 p.
256 918 334 953 418
366 916 454 953 adn.
487 918 523 961 2,
564 915 630 952 ubi
671 914 716 951 de
756 925 918 950 numero
959 925 1028 950 sex
1069 912 1170 960 apud
1202 911 1385 947 Plautum
1419 908 1612 953 disseruit,

187 984 301 1022 dicit:
332 982 530 1020 natiirlich
560 982 611 1020 ist
641 982 746 1019 diese
779 984 890 1019 sexta
921 992 1107 1017 aerumna
1138 979 1249 1016 nicht
1279 977 1348 1014 auf
1378 977 1452 1013 den
1475 974 1615 1013 Giirtel

186 1052 254 1089 der
283 1050 503 1100 Hippolyta
533 1073 585 1077 -—
617 1053 720 1088 trotz
761 1051 866 1087 Men.
899 1052 979 1085 200
1014 1070 1066 1074 —
1098 1061 1146 1084 zu
1187 1046 1398 1091 beziehen,
1445 1044 1614 1082 sondern

186 1119 384 1158 entweder
414 1119 483 1155 auf
510 1119 571 1154 die
589 1117 894 1165 Heraufholung
924 1117 991 1153 des
1013 1116 1204 1153 Cerberus
1234 1114 1291 1151 als
1321 1113 1440 1150 letzte
1463 1111 1612 1157 Arbeit,

188 1188 282 1224 oder
312 1187 380 1224 auf
408 1186 469 1223 die
500 1186 659 1236 Hydra,
691 1185 764 1222 mit
795 1185 863 1221 der
894 1185 961 1222 der
992 1184 1156 1221 Dichter
1187 1180 1479 1230 unertragliche
1511 1180 1613 1216 Ehe-

186 1254 390 1301 gattinnen
436 1254 533 1291 auch
575 1257 683 1290 sonst
729 1252 848 1289 ofters
878 1251 1108 1300 vergleicht.
1183 1250 1296 1290 Quod
1341 1252 1385 1286 ut
1425 1247 1614 1293 refellam,

187 1322 350 1359 Plautus
381 1325 534 1360 tantum
567 1321 716 1358 duobus
747 1320 843 1358 locis
875 1319 1061 1356 feminam
1093 1317 1296 1367 componit
1326 1330 1414 1354 cum
1445 1318 1614 1361 excetra,

187 1393 304 1440 atque
343 1402 391 1426 ne
432 1389 493 1426 his
539 1389 693 1440 quidem
739 1388 834 1426 locis
874 1387 1022 1424 femina
1063 1390 1122 1424 est
1160 1399 1261 1423 uxor
1290 1383 1613 1428 conviciabunda,

187 1458 253 1495 sed
285 1456 446 1504 ancilla,
477 1457 517 1493 in
552 1469 666 1508 quam
697 1456 900 1494 invehitur
931 1455 1019 1492 leno
1052 1454 1176 1492 Ballio
1215 1454 1262 1491 of.
1294 1451 1474 1490 Pseudol.
1509 1452 1614 1497 218„

189 1525 271 1562 Cas.
314 1525 391 1562 III.
435 1528 478 1571 5,
522 1527 584 1561 19.
667 1525 876 1562 Praeterea
919 1526 1045 1560 autem
1091 1534 1277 1559 aerumna
1324 1533 1394 1570 per
1435 1519 1614 1569 Hydram

190 1593 331 1630 effecta
368 1592 520 1630 obtinet
558 1592 676 1629 alium
718 1591 867 1638 locum,
910 1591 1162 1642 quamobrem
1199 1603 1277 1626 non
1320 1591 1451 1637 potest
1490 1586 1615 1624 nomi-

191 1660 274 1697 nari
318 1663 442 1698 sexta.
514 1661 617 1708 Ergo
660 1660 705 1696 de
732 1659 870 1708 Hydra
901 1662 1027 1697 actum
1060 1661 1129 1696 est.
1191 1657 1343 1694 Deinde
1375 1659 1503 1693 autem
1536 1667 1615 1691 non

189 1728 398 1776 intellego,
441 1728 534 1778 quid
580 1728 630 1766 sit
671 1727 775 1778 quod
819 1740 889 1764 nos
927 1726 1135 1776 prohibeat
1185 1738 1234 1762 ne
1275 1726 1425 1762 sextam
1465 1736 1614 1761 aerum-

191 1809 280 1833 nam
318 1808 401 1833 esse
444 1808 614 1845 pugnam
653 1809 738 1833 cum
772 1799 1012 1832 Amazonum
1053 1793 1190 1842 regina
1230 1796 1455 1831 statuamus.
1515 1791 1614 1828 Gon-

191 1864 362 1901 feramus
400 1863 500 1901 hanc
542 1865 590 1901 ob
622 1875 775 1901 causam
807 1862 1009 1900 Menaeoh.
1043 1864 1148 1908 200„
1185 1873 1247 1899 res
1278 1861 1411 1898 eadem
1444 1862 1524 1906 est,
1554 1858 1616 1897 vir

188 1935 340 1980 pugnat
369 1944 455 1968 cum
495 1931 661 1978 femina,
705 1930 765 1969 cui
797 1930 940 1979 pallam
972 1929 1157 1979 surripit,
1195 1932 1314 1979 atque
1355 1929 1451 1965 haec
1481 1937 1615 1977 pugna

190 2002 352 2037 vocatur
382 1999 564 2038 Herculis
594 2011 780 2036 aerumna
810 1997 1071 2047 Hippolytae:

838 2066 968 2103 Nimio
1001 2078 1072 2114 ego
1103 2066 1206 2103 hanc
1235 2064 1409 2114 periculo

191 2135 370 2184 surrupio
392 2135 520 2173 hodie.
553 2147 638 2172 meo
661 2134 817 2186 quidem
849 2134 979 2171 animo
1011 2133 1058 2170 ab
1081 2132 1302 2183 Hippolyta
1329 2130 1613 2180 subcingulum,

190 2203 382 2241 Hercules
412 2203 514 2240 haud
547 2215 669 2253 aeque
700 2215 842 2251 magno
873 2214 1058 2252 umquam
1090 2201 1253 2239 abstulit
1281 2198 1455 2249 periculo
1474 2198 1520 2248 ¹).

302 2271 431 2308 Unum
454 2271 668 2309 concedere
690 2283 818 2318 cogor,
852 2281 1087 2321 quamquam
1117 2269 1158 2305 in
1191 2268 1483 2317 comparatione
1514 2267 1614 2304 nihil

189 2339 312 2386 inest,
355 2340 458 2390 quod
496 2352 575 2376 non
605 2339 745 2388 probet
774 2350 943 2387 pugnam
991 2350 1078 2374 cum
1108 2336 1349 2385 Hippolyta,
1391 2338 1521 2373 tamen
1553 2338 1612 2372 est

191 2406 266 2443 alia
287 2419 411 2453 causa,
443 2420 519 2457 qua
539 2410 739 2456 permotus
760 2406 925 2442 fortasse
952 2404 1040 2456 quis
1072 2404 1226 2450 dixerit,
1258 2403 1363 2441 illam
1387 2416 1608 2441 aerumnam

191 2473 305 2510 aliam
326 2474 508 2511 Herculis
531 2487 701 2523 pugnam
724 2486 818 2511 esse.
875 2474 946 2511 Est
966 2472 1070 2509 enim
1092 2471 1257 2509 mirifica
1278 2474 1393 2510 sexta
1415 2484 1611 2518 aerumna,

193 2554 278 2578 eum
323 2542 425 2589 apud
467 2554 600 2579 omnes
640 2542 869 2590 scriptores,
913 2540 981 2591 qui
1025 2540 1070 2577 de
1100 2540 1172 2577 hac
1202 2552 1244 2577 re
1275 2543 1459 2588 egerunt,
1501 2543 1614 2577 sexta

284 2632 317 2667 1)
342 2640 458 2668 nempe
492 2630 555 2659 hoe
588 2630 764 2659 discrimen
798 2630 1027 2667 interpositum
1064 2632 1133 2659 est:
1169 2638 1243 2658 cum
1268 2628 1321 2658 hic
1345 2629 1444 2658 modo
1471 2629 1511 2657 de
1536 2627 1611 2657 sub-

193 2690 286 2725 repto
312 2687 444 2725 cingulo
469 2688 595 2724 agatur,
619 2686 689 2715 illic
713 2685 889 2724 respicitur
913 2685 1024 2715 clades
1048 2685 1262 2723 Hippolytae,
1287 2694 1351 2723 qua
1376 2685 1485 2714 occisa
1507 2687 1565 2714 est.

1285 2739 1342 2778 3ss
