1857 3089
760 211 1040 253 -39-

189 319 336 356 femina
366 320 500 354 contra
529 317 681 363 veniat,
712 316 822 353 illum
853 318 1074 364 exspectet,
1106 314 1319 360 desideret,
1350 316 1469 364 atque
1499 312 1614 350 miles

191 389 336 431 caveat,
368 396 416 420 ne
447 384 585 432 perdat
615 384 798 432 gloriam:

330 464 419 488 nam
451 451 549 488 nulli
581 451 734 489 mortali
766 450 844 488 scio
876 450 950 487 hoc
980 448 1167 497 optigisse
1197 448 1274 486 nisi
1304 449 1454 486 duobus

329 519 402 558 tibi
432 523 472 557 et
500 518 654 556 Phaoni
684 518 827 556 Lesbio
859 521 937 556 tam
968 528 1114 555 vesane
1145 521 1188 554 ut
1217 520 1451 554 amarentur.

302 586 427 627 Quam
467 586 639 624 fabulam
679 585 852 623 Phaonis
892 597 971 621 non
1007 584 1178 623 inveniri
1218 584 1295 621 nisi
1332 583 1374 620 in
1404 583 1615 621 comoediis

187 667 311 694 novae
353 658 392 692 et
434 654 581 691 mediae
626 652 764 690 aetatis
796 652 1026 690 Welckerus
1057 653 1157 689 bene
1189 651 1494 698 demonstravit,
1541 651 1613 689 ita-

189 735 265 772 que
297 722 409 759 modo
441 734 492 759 ex
522 721 578 758 eis
608 720 765 757 haurire
797 719 926 768 potuit
956 719 1130 757 Plautus.
1192 720 1394 758 Habemus
1415 720 1533 757 etiam
1565 731 1614 755 ex

188 789 367 827 Platonis
398 789 534 826 comici
567 788 766 826 comoedia
794 788 956 825 Phaone
986 788 1272 836 fragmentum,
1304 801 1380 839 quo
1411 790 1615 825 narratur:

189 857 388 893 Phaonem
420 857 460 893 in
491 856 676 895 interiore
708 859 818 905 parte
849 856 1003 893 aedium
1033 855 1226 893 inclusum
1258 859 1466 894 accurrunt
1502 855 1613 891 undi-

188 936 263 974 que
294 924 475 961 mulieres
498 924 660 961 Veneris
684 927 811 961 oestro
839 923 1028 972 impulsae
1060 926 1099 960 et
1128 935 1215 960 cum
1237 924 1397 960 Phaone
1430 923 1613 970 congredi

187 991 399 1039 gestientes
419 993 477 1041 ¹),
526 991 635 1029 cuius
663 990 818 1029 fabulae
851 990 1018 1028 similem
1058 991 1296 1028 comoediam
1337 991 1613 1040 conscripsisse

186 1059 343 1098 videtur
383 1059 642 1109 Antiphanes.
711 1059 892 1110 Denique
943 1058 985 1095 in
1029 1058 1237 1095 Menandri
1278 1057 1504 1102 Λευκαδίας
1549 1071 1612 1095 co-

186 1127 349 1174 moedia,
382 1140 481 1178 quae
521 1128 568 1164 ad
599 1127 761 1164 eandem
792 1138 874 1164 rem
905 1128 1066 1175 spectat,
1098 1125 1287 1173 legimus:

513 1185 561 1232 οὗ
594 1189 643 1242 δὴ
673 1191 819 1244 λέγεται
850 1188 986 1244 πρώτη
1020 1187 1180 1240 Σαπφώ

512 1256 579 1298 τὸν
609 1255 868 1311 ὑπέρκομπον
897 1261 1066 1311 θηρῶσα
1101 1255 1234 1298 Φάων’

515 1326 718 1378 οἰστρῶντι
748 1324 867 1382 πόθῳ
899 1327 1016 1379 ῥῖψαι
1049 1325 1193 1378 πέτρας
1223 1342 1303 1379 eqs.

188 1410 287 1448 quae
310 1398 451 1446 partim
474 1402 614 1447 sponte
636 1398 989 1436 commonefaciunt
1011 1411 1156 1444 eorum,
1189 1409 1286 1448 quae
1307 1397 1410 1445 apud
1429 1396 1612 1434 Plautum

186 1466 426 1513 praecedunt
455 1465 655 1513 proxime:

357 1546 447 1570 nam
478 1536 521 1570 tu
551 1540 589 1571 te
619 1533 738 1572 vilem
769 1533 920 1580 feceris,
952 1533 984 1571 si
1015 1536 1054 1570 te
1085 1532 1187 1571 ultro
1218 1531 1403 1580 largiere:

355 1601 440 1639 sine
470 1601 572 1640 ultro
604 1601 747 1648 veniat,
780 1601 985 1653 quaeritet,
1016 1601 1222 1649 desideret,
1253 1604 1467 1650 exspectet.

298 1670 412 1707 Nunc
443 1670 518 1707 duo
550 1670 624 1708 loci
656 1670 772 1707 huius
802 1670 957 1707 fabulae
987 1683 1066 1707 una
1095 1669 1288 1708 tractandi
1320 1673 1421 1714 sunt,
1466 1682 1503 1706 v.
1537 1671 1609 1705 61:

351 1738 599 1786 rogitabant:
629 1738 760 1775 hicine
791 1738 965 1776 Achilles
996 1737 1082 1776 est?

299 1819 335 1843 v.
376 1809 502 1843 1054:
535 1808 630 1853 Age,
663 1805 715 1842 mi
747 1805 932 1851 Achilles,
964 1805 1043 1852 fiat,
1077 1805 1181 1856 quod
1212 1808 1250 1842 te
1282 1817 1370 1841 oro:
1399 1803 1466 1841 ubi
1497 1803 1608 1841 miles

184 1879 223 1910 et
252 1886 275 1910 a
305 1886 417 1911 servo
449 1877 488 1911 et
518 1879 540 1910 a
569 1873 732 1910 muliere
775 1873 999 1910 nominatur
1029 1872 1204 1910 Achilles
1243 1877 1404 1920 propter
1443 1872 1607 1908 formam

183 1946 222 1978 et
253 1941 546 1986 fortitudinem
577 1945 696 1991 atque
719 1940 913 1978 Achillem
943 1940 1250 1989 pulcherrimum
1281 1944 1320 1977 et
1350 1939 1607 1977 fortissimum

181 2010 222 2046 in
252 2009 375 2046 Iliade
409 2008 573 2046 describi
604 2009 680 2045 iam
713 2008 893 2046 omnibus
924 2012 1059 2046 notum
1091 2011 1163 2046 est.

294 2077 504 2114 Praeterea
534 2080 663 2114 exstat
691 2076 757 2114 hjo
791 2089 948 2114 versus:

237 2146 370 2194 Atque
402 2145 434 2181 is
464 2144 682 2181 Alexandri
714 2148 913 2193 praestare
944 2143 1144 2193 praedicat
1173 2144 1320 2180 formae
1352 2155 1470 2188 suam,

237 2212 370 2263 itaque
402 2225 535 2249 omnes
557 2225 597 2249 se
628 2213 731 2250 ultro
764 2213 904 2250 sectari
935 2212 977 2248 in
995 2212 1158 2260 ’Epheso
1190 2215 1380 2248 memorat
1409 2209 1603 2247 mulieres.

181 2280 250 2316 Oui
277 2280 348 2317 hos
370 2292 506 2317 versus
527 2279 673 2329 legenti
706 2293 784 2318 non
807 2279 936 2318 statim
968 2280 1008 2316 in
1030 2283 1201 2317 mentem
1232 2278 1341 2317 venit
1360 2277 1468 2324 illud,
1501 2278 1605 2328 quod

180 2347 330 2386 Hector
361 2347 470 2384 Iliad.
505 2348 550 2387 Γ.
584 2351 633 2385 39
666 2348 775 2386 dicit:

350 2411 535 2466 Δύσπαρι
565 2410 668 2460 εἶδος
698 2410 840 2466 ἄριστε,
872 2411 1117 2466 γυναιμανὲς,
1150 2409 1411 2465 ἠπεροπευτά.

181 2482 283 2530 Ergo
314 2483 362 2519 de
392 2483 618 2522 Alexandro
648 2497 789 2532 magno
821 2484 992 2532 cogitare
1022 2496 1101 2520 non
1132 2483 1234 2521 licet.

273 2626 304 2670 1)
331 2629 370 2658 cf.
388 2628 549 2659 Meineck.
566 2629 691 2659 Histor.
710 2628 782 2659 crit.
800 2639 831 2667 p.
855 2630 927 2659 186.
952 2628 1112 2659 Meineck.
1134 2630 1194 2666 frg.
1216 2637 1297 2657 com.
1317 2627 1361 2656 11.
1379 2635 1432 2664 pg.
1454 2628 1517 2657 672
1533 2636 1600 2664 eqs.
