1857 3089
712 186 995 228 -63-

148 289 370 327 coniectura
398 289 544 326 inserat
565 285 711 334 ‘ocelli’,
740 301 820 340 -qua
840 289 879 326 in
902 303 943 326 re
967 289 1077 327 ocelli
1101 290 1263 327 eandem
1284 303 1365 327 rem
1388 293 1566 338 spectant

147 361 263 408 atque
294 369 454 393 amores.
515 356 756 406 Quamquam
801 370 943 405 negare
975 371 1053 395 non
1084 371 1262 406 possum,
1305 358 1405 394 hanc
1436 370 1565 394 emen-

147 424 343 461 dationem
375 437 451 461 non
475 437 589 472 egere
620 423 702 461 veri
725 424 864 472 specie,
898 438 982 462 cum
1005 430 1108 463 certe
1131 437 1280 462 amores
1302 425 1406 472 regis
1428 428 1564 462 ornate

146 495 185 528 et
213 490 413 528 luxuriose
444 493 686 538 colerentur,
731 495 860 529 tamen
892 492 1112 539 intelligere
1156 505 1329 543 nequeo,
1371 494 1418 529 ad
1450 505 1564 543 quem

144 559 380 596 Antiochum
411 561 485 596 hoc
514 559 758 596 referendum
790 560 860 605 sit,
902 561 1152 611 quamobrem
1183 560 1457 609 interpretatio
1490 561 1561 597 ite-

143 639 228 663 rum
269 628 424 674 haeret,
471 627 573 678 quod
615 630 723 665 vetat
753 627 904 665 Goetzii
948 628 1209 665 coniecturam
1253 629 1429 676 probare.
1489 628 1563 665 Sed

145 694 378 741 Muellerus,
423 698 466 732 ut
507 694 637 731 hiatus
680 695 904 742 tolleretur,
948 709 1019 744 pro
1052 695 1172 733 oculis
1204 695 1371 733 coniecit
1403 693 1561 743 ‘eculei’‚

144 773 242 812 quae
283 763 504 799 coniectura
543 762 655 800 valde
698 762 793 800 mihi
835 764 1001 810 arridet3
1054 764 1242 800 habemus
1285 764 1387 800 enim
1431 776 1561 812 regem

144 828 402 875 Antiochum,
443 829 484 866 in
516 843 631 881 quem
663 831 791 867 omnia
820 831 887 867 illa
919 831 1141 869 coniectura
1171 835 1330 879 accepta
1360 832 1561 882 quadrant.

141 897 211 934 Est
240 896 306 934 ille
339 897 560 935 Antiochus
581 898 818 947 Epiphanes,
853 900 955 950 quod
988 912 1203 947 cognomen
1234 913 1256 936 a
1287 899 1452 948 Polybio
1475 912 1562 937 ver-

142 964 239 1002 titur
278 965 318 1001 in
360 965 578 1014 Epimanen
619 971 780 1016 propter
820 967 902 1004 eius
947 980 1084 1005 mores.
1157 970 1288 1018 Atque
1328 966 1437 1004 illum
1480 970 1559 1004 An-

142 1032 314 1070 tiochum
358 1033 500 1071 multos
548 1037 587 1071 et
629 1035 957 1082 praeclarissimos
999 1048 1119 1086 equos
1163 1036 1362 1082 habuisse,
1417 1035 1483 1086 qui
1525 1036 1560 1072 ei

142 1113 312 1137 summae
343 1114 455 1139 curae
486 1106 615 1148 erant,
648 1103 807 1151 colligas
839 1116 888 1140 ex
919 1103 1064 1140 Granio
1097 1103 1318 1149 Liciniano,
1352 1103 1417 1153 qui
1449 1104 1560 1141 dicit:

141 1174 179 1205 et
210 1172 414 1206 asturcone
454 1183 636 1218 pompam
669 1171 852 1217 ducebat3
886 1171 950 1221 qui
984 1175 1209 1208 asturcones
1240 1172 1401 1208 fuerunt
1431 1172 1560 1208 excel—

141 1236 265 1273 lentes
296 1238 398 1288 equi,
430 1250 519 1274 nam
550 1237 699 1274 Plinius
730 1240 766 1276 h.
799 1252 834 1276 n.
869 1239 980 1285 VIII,
1015 1239 1078 1276 67.
1118 1242 1133 1275 1
1170 1243 1322 1276 narrat:
1354 1240 1394 1275 in
1426 1240 1558 1277 eadem

142 1304 335 1352 Hispania
367 1304 537 1343 Gallaica
579 1318 674 1353 gens
717 1310 776 1343 est
821 1311 859 1343 et
897 1307 1088 1344 Asturica.
1130 1307 1263 1358 equini
1308 1308 1462 1356 generis
1503 1330 1557 1335 ——

140 1371 181 1408 hi
212 1376 302 1409 sunt
345 1386 442 1424 quos
482 1374 701 1411 thieldones
742 1387 946 1421 vocamus,
988 1374 1137 1412 minore
1180 1376 1305 1412 forma
1343 1376 1560 1425 appellatos

140 1443 373 1487 asturcones,
409 1464 458 1468 ——
492 1442 660 1489 gignunt
700 1442 842 1493 quibus
874 1456 951 1479 non
983 1442 1156 1491 volgaris
1187 1443 1228 1479 in
1261 1457 1374 1481 cursu
1405 1445 1557 1492 gradus,

142 1508 207 1544 sed
240 1509 366 1545 mollis
407 1510 557 1547 alterno
602 1523 754 1547 crurum
797 1510 995 1559 explicatu
1035 1510 1285 1558 glomeratio,
1316 1512 1418 1549 unde
1450 1513 1560 1563 equis

144 1575 298 1613 tolutim
330 1589 466 1626 capere
496 1577 674 1615 incursus
706 1578 872 1616 traditur
902 1582 996 1616 arte.
1056 1579 1255 1616 Habemus
1286 1579 1406 1626 igitur
1436 1580 1557 1617 inter-

141 1644 399 1690 pretationem
430 1647 529 1683 bene
561 1647 826 1697 quadrantem,
860 1659 1092 1697 quamquam
1125 1659 1169 1683 ea
1199 1651 1356 1695 accepta
1387 1651 1556 1686 statuere

139 1723 209 1747 nos
252 1725 348 1760 opus
388 1719 467 1761 est,
506 1715 577 1752 hos
617 1727 754 1752 versus
796 1727 873 1751 non
906 1727 927 1750 a
956 1714 1095 1752 Plauto
1137 1715 1322 1765 scriptos,
1362 1728 1450 1752 nam
1490 1717 1556 1754 ille

141 1779 358 1818 Antiochus
388 1782 614 1831 Epiphanes
644 1795 746 1819 anno
782 1781 858 1818 579
892 1795 923 1818 a.
955 1796 991 1818 u.
1023 1796 1052 1819 c.
1085 1796 1247 1831 regnum
1280 1783 1468 1831 obtinuit,
1511 1789 1555 1822 ut

139 1858 225 1882 eum
257 1848 418 1886 Plautus
450 1851 650 1887 nominare
682 1849 881 1901 aequalem
913 1863 992 1887 non
1024 1854 1172 1899 posset,
1207 1863 1298 1899 ergo
1328 1854 1554 1890 retractanti

137 1918 274 1962 poetae
314 1917 510 1954 tribuendi
556 1922 656 1955 sunt.
728 1918 856 1959 Quid?
909 1919 1009 1970 quod
1052 1932 1109 1957 vs.
1153 1922 1373 1956 688—694
1416 1921 1554 1958 deletis

138 1995 337 2021 connexus
368 1985 647 2023 sententiarum
679 1987 840 2023 minime
869 1988 1130 2036 perturbatur.
1191 1988 1314 2024 Immo
1353 2000 1438 2025 mea
1468 1989 1553 2039 qui-

138 2050 222 2086 dem
253 2053 447 2090 sententia
477 2054 599 2101 magis
630 2058 718 2103 apte
749 2055 859 2091 illum
891 2067 1070 2092 versum:

337 2120 561 2169 Hospitium
592 2125 630 2159 te
660 2123 770 2159 aiunt
799 2122 1018 2173 quaeritare
1049 2144 1103 2149 -—
1134 2124 1311 2174 quaerito

137 2184 394 2235 insequuntur
423 2188 506 2226 isti:

303 2256 441 2304 edepol
471 2270 520 2294 ne
550 2257 646 2295 illud
677 2258 749 2296 tibi
781 2272 937 2308 possum
969 2259 1151 2297 festivom
1184 2261 1273 2297 dare
1305 2274 1384 2311 eqs.

137 2333 250 2370 quam
283 2322 338 2360 ei:

303 2390 342 2427 id
373 2391 428 2428 illi
460 2393 510 2429 mi
543 2394 747 2441 dixerunt,
779 2395 868 2446 quei
901 2408 922 2431 a
952 2407 1012 2432 me
1043 2395 1224 2432 abierunt
1255 2397 1381 2444 modo,

302 2462 341 2495 te
382 2462 601 2510 quaeritare
645 2475 666 2498 a
705 2463 865 2510 muscis3
909 2477 993 2501 cum
1034 2463 1073 2500 id
1112 2463 1188 2500 iam
1228 2463 1323 2501 insit
1362 2465 1402 2500 in
1443 2470 1551 2503 ante-

136 2524 286 2561 cedenti
316 2539 452 2565 versu:
482 2529 694 2577 hospitium
725 2534 764 2567 te
795 2530 904 2568 aiunt
935 2531 1167 2581 quaeritare.
1226 2533 1329 2580 Ergo
1361 2538 1549 2583 quantum

136 2603 207 2638 ego
237 2592 369 2630 videre
399 2607 567 2642 possum,
599 2609 647 2633 ne
677 2598 750 2634 hoc
780 2598 936 2648 quidem
968 2600 1069 2647 sapit
1099 2599 1226 2637 Plauti
1257 2604 1435 2638 aetatem.
