1857 3089
804 220 1056 261 -3‘

783 324 942 360 obsecro
973 335 1043 359 vos
1075 334 1158 369 eg0,
1190 323 1241 359 mi
1275 322 1437 368 auxilio,

223 404 290 427 oro
313 391 498 435 obtestor,
532 389 617 426 sitis
640 393 678 426 et
700 390 895 426 hominem
929 389 1203 426 demonstretis
1229 390 1294 440 qui
1319 402 1403 425 eam
1425 390 1643 427 abstulerit.

223 458 315 507 quid
345 456 428 494 est?
465 457 558 508 quid
587 455 748 493 ridetis?
789 456 879 494 novi
912 468 1065 493 omnes:
1099 456 1178 493 scio
1204 457 1310 493 fures
1338 469 1420 493 esse
1449 456 1512 493 hic
1544 470 1644 494 com-

1309 524 1441 572 plures

221 592 287 642 qui
320 592 466 630 vestitu
510 596 549 629 et
590 595 695 628 creta
726 590 922 628 occultant
954 603 1038 627 sese
1079 594 1197 641 atque
1229 592 1367 629 sedent
1409 591 1518 642 quasi
1567 592 1646 629 sint

1262 659 1364 707 frugi
1384 658 1440 708 ¹):

219 727 293 763 hoc
321 731 530 774 propterea
559 726 730 773 pendere
761 725 917 762 videtur
948 738 967 761 e
1001 725 1147 762 Graeca
1174 726 1326 772 fabula,
1370 727 1473 776 quod
1514 727 1554 763 in
1587 739 1642 773 ea,

220 794 250 830 si
283 794 439 843 quidem
480 793 575 829 fides
617 793 824 830 tribuenda
865 797 924 829 est
954 793 1234 841 Aristophani,
1276 798 1515 842 spectatores
1555 795 1643 842 plus

219 873 333 911 quam
367 861 485 897 semel
517 860 827 908 appellabantur.
894 861 1103 897 Praeterea
1136 866 1265 898 autem
1308 874 1387 898 non
1419 862 1644 908 ignoramus

219 927 346 964 Plauti
390 931 516 965 aetate
547 927 697 964 nullum
729 928 926 964 hominem
959 929 1158 965 sedentem
1190 929 1422 976 spectaculis
1453 929 1643 972 adfuisse;

217 1008 308 1042 ergo
340 996 435 1032 haec
465 1008 526 1032 res
562 999 628 1032 aut
657 995 896 1043 interpolata
926 999 994 1032 aut
1025 1008 1046 1031 a
1078 995 1217 1033 Plauto
1250 1009 1299 1033 ex
1333 996 1478 1034 Graeco
1512 1010 1643 1033 exem-

216 1063 314 1111 plari
360 1063 548 1100 translata
578 1076 705 1113 neque
744 1063 823 1099 ullo
865 1064 978 1099 modo
1019 1067 1166 1100 mutata
1197 1068 1266 1101 est.
1330 1063 1452 1104 Quam
1487 1070 1643 1102 senten-

218 1131 309 1168 tiam
339 1131 482 1167 habere
514 1131 553 1166 in
586 1143 625 1167 se
656 1130 804 1180 aliquid
827 1131 923 1179 veri,
954 1144 1055 1167 unus
1088 1131 1254 1181 quisque
1286 1133 1473 1169 concedet
1504 1133 1570 1182 qui
1602 1133 1642 1169 in

217 1198 440 1234 memoriam
474 1198 719 1235 revocaverit
751 1197 918 1234 Athenis
950 1202 1188 1245 spectatores
1231 1200 1365 1236 sedere
1404 1204 1523 1250 atque
1556 1201 1643 1237 Ari-

217 1266 445 1314 stophanem
478 1278 657 1302 ranarum
690 1264 845 1301 fabulae
876 1278 992 1302 versu
1025 1266 1127 1303 297:

327 1330 444 1380 ἱερεῦ,
476 1327 721 1378 διαφύλαξόν
752 1329 803 1379 μ’,
835 1329 884 1368 ἵν’
918 1324 947 1368 ὦ
971 1343 1033 1369 σοι
1054 1330 1266 1382 ξυμπότης,
1299 1336 1492 1383 respicere
1516 1349 1641 1374 sacer-

216 1401 343 1437 dotem
377 1400 560 1449 Dionysi,
604 1400 668 1451 qui
711 1400 751 1436 in
783 1400 908 1448 primo
939 1401 1060 1448 gradu
1092 1402 1233 1438 theatri
1267 1402 1393 1439 locum
1426 1404 1640 1451 obtinebat,

216 1480 332 1518 quam
363 1468 553 1505 rationem
587 1473 741 1516 poetam
773 1468 883 1504 illum
915 1481 990 1504 non
1025 1468 1144 1505 semel
1175 1483 1381 1518 usurpasse
1414 1484 1463 1507 ex
1498 1472 1641 1509 fabulis

216 1536 376 1583 colligas
407 1535 537 1573 velim.
598 1536 749 1572 Deinde
782 1549 865 1572 cuni
891 1541 1075 1586 quantam
1098 1537 1403 1576 familiaritatem
1435 1539 1538 1576 inter
1568 1541 1640 1577 hos

216 1604 312 1640 duos
333 1603 439 1639 locos
462 1603 590 1640 Plauti
625 1608 664 1639 et
686 1603 962 1651 Aristophanis
994 1616 1078 1640 esse
1100 1605 1233 1652 negari
1267 1619 1343 1642 non
1377 1609 1512 1655 possit,
1544 1608 1638 1645 illud

216 1671 441 1707 Plautinum
484 1671 729 1707 referendum
771 1675 829 1707 est
871 1672 919 1707 ad
951 1672 1135 1708 Graecam
1179 1673 1381 1720 originem.
1445 1674 1638 1715 Quoniam

212 1743 338 1775 autem
365 1739 525 1775 Plautus
547 1738 674 1787 ipsum
702 1738 1002 1787 Aristophanem
1026 1753 1103 1776 non
1126 1745 1280 1788 praesto
1305 1742 1452 1789 habuit,
1486 1745 1551 1780 sed
1584 1745 1639 1780 fa-

213 1806 324 1842 bulas
365 1818 488 1843 novae
520 1806 764 1852 comoediae,
806 1806 873 1842 illa
911 1811 1173 1855 spectatorum
1214 1810 1360 1846 mentio
1402 1812 1547 1858 pendet
1589 1825 1638 1848 ex

213 1874 275 1911 his
300 1874 455 1920 fabulis,
491 1886 590 1924 quae
612 1873 728 1910 talem
760 1874 913 1911 iocandi
946 1876 1137 1912 rationem
1168 1877 1216 1913 ab
1240 1877 1503 1926 Aristophane
1537 1880 1635 1916 didi-

214 1946 362 1978 cerunt.
423 1943 561 1992 Itaque
593 1943 668 1978 iam
701 1954 749 1978 ex
782 1943 853 1979 hac
885 1956 925 1979 re
948 1947 1111 1991 apparet
1139 1945 1177 1980 id
1205 1946 1307 1994 quod
1338 1945 1393 1982 illi
1426 1947 1501 1984 viri
1531 1948 1633 1984 docti

212 2010 586 2058 pronuntiaverunt,
631 2023 707 2046 non
752 2013 901 2047 tautum
936 2011 1079 2048 habere
1111 2012 1406 2050 fundamentum
1449 2020 1637 2065 quantum

213 2077 331 2114 deleri
365 2082 404 2115 et
435 2078 534 2114 dirui
568 2091 645 2114 non
677 2079 824 2126 possit,
870 2091 957 2114 uam
991 2079 1020 2115 si
1056 2079 1219 2117 Plautus
1249 2094 1290 2117 re
1322 2095 1415 2119 vera
1446 2088 1636 2120 mutasset

212 2145 250 2180 id
284 2146 386 2195 quod
420 2159 496 2182 non
530 2147 758 2195 quadrasset
799 2147 845 2182 ad
886 2159 948 2183 res
980 2147 1194 2193 Romanas,
1239 2153 1343 2186 certe
1385 2150 1455 2187 hos
1499 2164 1636 2188 versus

212 2225 289 2249 non
323 2213 551 2260 scripsisset.

332 2281 492 2317 Accedit
524 2282 625 2331 quod
650 2295 726 2317 non
751 2283 890 2318 desunt
910 2283 1111 2319 versiones
1134 2282 1340 2321 Plautinae
1373 2298 1468 2335 quas
1501 2287 1634 2323 stricte

212 2349 419 2385 cohaerere
451 2349 536 2385 luce
569 2349 709 2386 clarius
741 2354 799 2387 est
830 2363 915 2386 cum
948 2351 1178 2397 fragmentis
1209 2352 1444 2388 comicorum
1470 2353 1634 2391 Graeco—

211 2429 294 2452 rum
318 2417 430 2453 nobis
452 2417 626 2463 servatis,
660 2430 826 2467 quorum
851 2418 1040 2454 nonnulla
1062 2419 1230 2466 exempli
1264 2419 1389 2466 gratia
1412 2422 1634 2458 exscribere

211 2483 348 2521 liceat:

307 2582 335 2623 l)
361 2585 400 2612 cf.
426 2588 594 2621 praeterea
618 2584 687 2612 Mil.
707 2585 786 2621 glor.
806 2586 844 2614 81
868 2594 953 2622 eqs:

527 2640 590 2677 Qui
616 2644 722 2669 autem
747 2642 931 2671 auscultare
957 2643 1054 2676 nolet,
1080 2646 1232 2680 exsurgat
1258 2642 1355 2679 foras,

529 2697 571 2725 Ut
595 2697 646 2734 sit,
672 2697 725 2725 ubi
753 2698 863 2726 sedeat
887 2698 933 2726 illi
959 2699 1013 2734 qui
1038 2699 1219 2727 auscultare
1246 2700 1325 2728 volt.

1302 2759 1318 2792 1
1338 2755 1363 2777 3ss
