1857 3089
813 197 1092 240 —40-

354 301 534 352 Denique
575 300 615 337 iu
647 300 824 337 versibus
859 303 961 337 1285
995 313 1075 351 eqs.
1116 300 1328 338 Pleusicles
1359 303 1656 339 enumeraturus

243 382 308 407 eos
339 369 405 419 qui
437 374 597 416 propter
628 380 795 404 amorem
828 368 1035 405 inhonesta
1065 367 1314 414 admiserunt,
1347 368 1460 406 dicit:

357 435 470 472 Mitto
510 435 612 472 enim
654 438 696 472 ut
736 435 856 472 occidi
900 435 1071 472 Achilles
1117 434 1213 472 civis
1253 448 1388 483 passus
1430 438 1510 481 cst,
1559 448 1657 486 quae

243 501 438 540 sententia
481 502 684 538 referenda
725 505 783 539 est
823 503 867 538 ad
902 502 1065 539 Achillis
1108 502 1204 538 iram
1237 506 1359 539 ortam
1391 515 1440 539 ex
1471 502 1657 539 Briseidis

243 582 383 616 amore,
415 582 492 620 qua
522 582 570 605 ne
601 581 754 618 pugnae
784 568 990 607 interesset
1021 569 1243 618 prohibitus
1274 569 1440 607 Achaeis
1469 569 1658 608 maximas

243 637 370 674 clades
398 635 563 686 paravit.

356 772 802 816 Ianostellariae
843 785 959 810 versu
992 776 1069 809 528
1112 785 1232 809 senex
1274 773 1401 810 larvas
1430 773 1575 810 versari
1618 773 1659 809 in

243 840 355 876 domo
387 853 455 877 sua
485 843 591 877 ratus
623 852 644 876 a
664 839 858 876 Tranione
890 852 1001 876 servo
1034 839 1191 877 iubetur
1220 840 1403 877 invocare
1426 841 1660 878 Herculem:

412 909 543 958 Atque
576 907 783 944 Herculem
814 907 964 943 invoca.
1023 907 1214 944 Hercules
1243 910 1281 944 te
1310 907 1463 945 invoco.

356 973 431 1014 Qui
463 974 653 1011 Hercules
684 978 742 1012 est
769 968 958 1024 Ἡρακλῆς
989 969 1234 1021 ἀλεξίκακος,
1277 975 1342 1025 qui
1386 978 1469 1013 tota
1499 975 1662 1012 Graecia

243 1043 460 1088 colebatur,
504 1055 617 1093 quem
663 1041 705 1079 in
745 1043 861 1079 rebus
902 1041 1074 1080 adversis
1104 1042 1168 1080 vel
1208 1047 1251 1080 ut
1293 1042 1496 1080 adiuvaret
1525 1043 1589 1080 vel
1618 1047 1662 1080 ut

244 1110 385 1147 malum
428 1110 667 1157 adverteret,
713 1123 734 1146 a
774 1109 930 1146 Graecis
971 1109 1193 1148 invocatum
1238 1123 1320 1147 esse
1358 1110 1569 1159 accipimus
1611 1124 1661 1147 ex

244 1178 400 1214 Graecis
432 1177 660 1224 comoediis,
693 1178 740 1215 cf.
774 1177 1026 1226 Aristophan.
1057 1178 1229 1215 Acharn.
1262 1180 1355 1224 284,
1385 1177 1451 1214 ubi
1483 1177 1662 1215 nonnulli

242 1244 487 1293 Dicaiopolin
520 1245 689 1293 aggressi
713 1248 824 1283 sunt:
853 1239 1065 1295 Ἡράκλεις,
1097 1242 1201 1281 τουτὶ
1225 1243 1259 1281 τί
1289 1242 1389 1290 ἔστι,
1422 1239 1490 1293 τὴν
1520 1240 1662 1296 χύτραν

243 1310 480 1362 συντρίψετε.
551 1313 615 1351 vel
652 1314 743 1350 nub.
789 1316 890 1350 184:
938 1303 968 1349 ὦ
1006 1307 1217 1362 ἹΙράκλεις,
1260 1310 1369 1349 ταυτὶ
1412 1309 1574 1349 ποδαποὶ
1616 1307 1663 1349 τά

241 1378 376 1428 θηρία.
437 1381 482 1418 cf.
524 1393 583 1418 av.
616 1383 680 1416 93.
721 1381 784 1417 vel
814 1393 920 1429 vesp.
965 1384 1068 1418 420:
1109 1374 1306 1430 Ἡράκλεις
1346 1377 1412 1417 καὶ
1453 1377 1570 1430 κέντρ’
1606 1378 1663 1429 ἔχ-

243 1457 373 1484 ουσιν·
424 1442 494 1496 οὐχ
535 1444 648 1501 ὁρᾷς,
697 1439 728 1484 ὦ
769 1445 958 1493 δέσποτα,
1006 1448 1070 1485 vel
1112 1461 1193 1486 ran.
1235 1452 1314 1485 298
1361 1448 1407 1485 cf,
1448 1449 1663 1497 Antiphan.

242 1513 512 1565 Ἀλιευομένης
543 1517 640 1565 frag.
673 1516 808 1566 (Mein.
839 1516 915 1553 ΙΙΙ.
948 1530 1009 1565 pg.
1047 1516 1126 1564 12.)

483 1579 561 1628 Τάς
591 1583 734 1633 σηπίας
765 1579 833 1628 δός
864 1584 1032 1634 πρῶτον.
1089 1577 1299 1633 Ἠράκλεις
1329 1577 1437 1629 ἅναξ,

478 1646 633 1688 ἅπαντα
663 1646 941 1688 τεθολώκασιν.

245 1719 294 1756 cf.
327 1719 505 1757 Alexidis
541 1719 864 1770 Παγκρατιαστοῦ
894 1720 991 1767 frag.
1025 1719 1160 1768 (Mein.
1192 1719 1269 1756 III.
1300 1733 1337 1768 p.
1370 1718 1467 1767 461)

449 1787 614 1837 Πρῶτον
644 1783 712 1835 μὲν
742 1778 792 1836 ἦν
822 1797 884 1824 σοι
917 1780 1168 1836 Καλλῖμέδων
1199 1781 1220 1824 ὁ
1253 1782 1452 1837 Κάραβος,

450 1852 580 1892 ἔπειτα
613 1850 798 1905 Κόρυδος
831 1883 999 1892 ......

447 1950 455 1958 .
480 1952 487 1959 .
514 1951 520 1959 .
545 1951 552 1959 .
583 1917 792 1973 Ἠράκλεις
822 1922 920 1970 φίλε,

444 1985 682 2041 ἀγοράσματ’
713 1986 994 2039 ου’συμπόσιον
1024 1988 1194 2041 εἴρηκας,
1228 1985 1353 2040 γύναι.

360 2059 541 2109 Denique
584 2062 689 2097 certe
733 2071 783 2096 ex
823 2059 1033 2097 comoediis
1063 2059 1227 2107 legimus
1256 2059 1298 2095 in
1328 2058 1464 2104 Suida,
1506 2058 1567 2094 Et.
1601 2057 1664 2103 M.,

248 2127 470 2175 Hesychio:
516 2119 732 2177 ”Ηράκλεις,
784 2121 836 2171 ὥς
875 2123 1101 2172 ἀλεξίκακον
1150 2121 1216 2163 τόν
1255 2120 1442 2175 Ἡρακλέα
1481 2123 1534 2169 εἰς
1573 2119 1666 2173 βοή-

246 2197 363 2231 θειαν
393 2188 556 2231 ἐκάλουν
586 2191 796 2244 γενομένης
826 2193 925 2243 βίας.

360 2329 408 2366 In
440 2329 627 2366 Persae
655 2329 810 2366 fabulae
832 2330 1010 2368 versibus
1031 2328 1167 2378 primis
1199 2328 1309 2379 quasi
1331 2321 1662 2365 enumerationem

248 2410 519 2435 aerumnarum
562 2397 744 2435 Herculis
787 2398 995 2444 habemus,
1037 2397 1197 2434 Toxilus
1250 2396 1353 2433 enim
1396 2408 1530 2433 servus
1570 2395 1666 2431 haec

250 2465 364 2503 dicit:

338 2531 415 2572 Qui
446 2544 578 2569 amans
608 2544 726 2580 egens
756 2533 954 2579 ingressus
985 2536 1043 2569 est
1073 2532 1255 2580 princeps
1285 2531 1427 2568 amoris
1456 2530 1497 2566 in
1526 2530 1622 2575 vias,

335 2599 543 2648 Superavit
572 2599 767 2637 aerumnis
797 2600 876 2637 suis
905 2612 1109 2637 aerumnas
1140 2612 1272 2636 omnes
1302 2598 1476 2644 Herculi,
