1857 3089
802 169 1081 211 —48-

433 269 651 307 Volcanum
682 270 881 317 adducam,
912 271 945 308 is
978 272 1161 310 Venerist
1191 273 1450 311 advorsarius.

343 338 450 373 Leno
491 336 575 375 volt
614 337 764 386 puellas
807 339 1059 383 comburere,
1101 341 1353 389 quamobrem
1394 342 1477 379 abit
1517 342 1649 389 ignem

230 403 489 454 quaesiturus.
551 403 663 445 Quod
686 409 814 441 autem
847 406 921 441 hoc
954 418 1070 443 versu
1099 407 1146 442 ad
1178 407 1405 445 inimicitias
1427 409 1591 447 Volcani
1612 407 1647 456 ¹)

230 476 268 508 et
295 472 458 508 Veneris
491 471 701 519 adluditur‚
732 472 772 508 id
805 486 853 510 ex
883 472 1030 510 lasciva
1061 474 1223 510 Homeri
1254 475 1388 512 fabula
1418 476 1463 512 de
1495 477 1649 526 Aphro-

229 538 332 574 ditae
364 542 481 588 atque
512 539 603 576 Aris
634 552 767 576 amore
798 540 1001 588 repetitur.

341 605 398 642 De
430 619 545 643 versu
577 606 746 656 denique
782 610 883 644 1001
919 607 1008 645 vide
1041 620 1139 658 quae
1171 621 1288 657 supra
1318 609 1364 645 ad
1391 609 1645 658 Captivorum

226 686 263 710 v.
299 673 376 709 274
410 673 592 710 diximus.

339 807 387 843 In
419 807 533 844 initio
565 807 733 844 Stichi
765 807 952 855 legimus:

283 875 408 912 Credo
440 888 511 921 ego
544 875 725 912 miseram
757 875 877 912 fuisse
900 876 1110 925 Penelope,
1143 891 1264 924 soror,
1298 891 1365 915 suo
1399 891 1447 915 ex
1468 878 1610 925 animo,

284 943 392 984 Quae
423 945 502 979 tam
533 942 599 979 diu
630 943 715 981 viro
749 956 816 980 suo
849 943 967 981 vidua
999 944 1137 982 caruit.

229 1011 355 1050 Quam
388 1010 608 1060 Penelopae
640 1011 881 1048 mentionem
924 1025 972 1048 ex
1004 1012 1171 1062 Odyssia
1211 1016 1404 1061 sumptam
1448 1026 1531 1050 esse
1561 1013 1647 1050 luce

225 1078 367 1115 clarius
400 1082 468 1116 est.
529 1079 580 1115 Et
623 1079 802 1129 quamvis
850 1093 899 1117 ex
939 1080 1171 1127 fragmentis
1215 1080 1436 1117 comoediae
1477 1080 1647 1118 Graecae

225 1145 326 1182 nihil
368 1145 508 1183 afferre
540 1146 754 1194 possimus,
787 1148 889 1198 quod
921 1148 1181 1194 demonstret,
1226 1161 1300 1198 quo
1333 1161 1381 1185 ex
1411 1149 1520 1185 fonte
1550 1149 1648 1186 haec

224 1213 372 1250 mentio
396 1214 610 1260 effluxerit,
642 1218 773 1251 tamen
802 1216 908 1252 hunc
928 1217 1074 1253 fontem
1101 1216 1290 1253 Graecum
1322 1229 1405 1253 esse
1436 1229 1548 1253 nemo
1581 1230 1647 1253 ne-

225 1281 344 1327 gabit,
381 1282 446 1331 qui
478 1282 706 1319 recordetur
737 1296 784 1320 ex
808 1283 1085 1332 Aristophane,
1119 1284 1310 1334 quomodo
1341 1287 1477 1333 poetae
1509 1284 1646 1322 comici

225 1348 362 1385 Graeci
387 1362 435 1387 ex
454 1350 619 1399 Odyssia
642 1351 805 1401 eiusque
828 1351 971 1388 fabulis
990 1352 1215 1396 hauserint;
1247 1353 1294 1388 cf.
1318 1352 1487 1401 exempli
1519 1351 1646 1399 gratia

224 1429 333 1465 vesp.
370 1420 457 1463 180,
491 1418 558 1454 ubi
593 1415 839 1456 Βδελυκλέων
870 1420 980 1456 asino
1012 1420 1117 1457 lente
1149 1419 1419 1468 progredienti
1452 1419 1565 1456 dicit:

664 1484 698 1522 τί
730 1483 882 1534 στένεις,
916 1485 951 1524 εἰ
980 1483 1033 1535 μή
1065 1484 1197 1535 φέρεις

888 1549 1077 1592 Ὀδυσσέα
1109 1555 1189 1591 τιν’.

318 1703 348 1738 1)
375 1700 514 1728 Volcani
553 1701 674 1730 mentio
713 1711 777 1730 non
811 1702 910 1731 semel
947 1701 1041 1731 nobis
1075 1702 1218 1731 occurrit
1250 1702 1284 1730 in
1317 1701 1479 1730 Plautinis
1513 1701 1644 1731 sabulis.

225 1758 333 1794 Atque
359 1757 392 1785 in
418 1755 569 1785 omnibus
596 1756 678 1785 locis
703 1758 772 1786 eius
798 1768 915 1787 nomen
948 1769 1005 1796 per
1027 1758 1257 1796 metonymiam
1292 1767 1350 1795 pro
1375 1758 1443 1795 igni
1469 1760 1645 1795 usurpatur

224 1813 315 1841 velut
341 1812 449 1841 Aulul.
479 1813 560 1842 359:

427 1868 530 1906 quid?
557 1869 730 1907 imputate,
758 1880 955 1908 quamquam
972 1871 1119 1900 Volcano
1145 1870 1255 1900 studes
1281 1880 1359 1908 eqs„
1387 1869 1474 1907 quod
1500 1869 1644 1907 pertinet

224 1924 264 1952 ad
289 1933 430 1962 coquum
458 1923 689 1961 Congrionem,
716 1926 945 1964 Amphitruon.
974 1929 1056 1956 341:

359 1979 430 2016 Quo
456 1980 604 2009 ambulas
629 1985 675 2018 tu,
711 1982 766 2019 qui
794 1982 974 2011 Volcanum
997 1983 1030 2011 in
1056 1992 1156 2012 cornu
1182 1983 1372 2012 conclusum
1397 1981 1506 2019 geris?

223 2036 306 2064 Men.
333 2045 364 2064 v.
393 2036 477 2064 329:

473 2094 558 2121 Dum
584 2102 643 2130 ego
670 2094 751 2122 haec
776 2103 907 2132 appono
932 2095 972 2124 ad
998 2094 1136 2123 Volcani
1162 2094 1362 2123 violentiam.

223 2149 290 2176 Iam
328 2149 459 2177 Brixius
495 2149 667 2178 adnotavit
703 2149 787 2178 hanc
821 2151 1053 2188 metonymiam
1098 2150 1238 2179 transire
1273 2149 1405 2179 modum
1442 2148 1641 2185 comoediae,

222 2208 319 2240 atque
345 2208 508 2242 sumptum
526 2214 595 2234 esse
621 2215 659 2234 ex
678 2205 804 2234 Graeco
823 2207 1011 2244 exemplari,
1036 2206 1091 2234 ubi
1111 2206 1153 2235 ad
1178 2206 1303 2243 aliquid
1322 2205 1437 2242 tragici
1463 2204 1639 2241 alluditur;

224 2269 362 2297 quacum
390 2271 423 2289 re
449 2262 714 2299 coniungendum
740 2268 797 2297 est,
824 2263 911 2300 quod
936 2263 1075 2299 legimus
1100 2263 1132 2291 in
1149 2263 1277 2291 Terent.
1297 2261 1444 2290 Eunueh.
1470 2259 1526 2289 IV.
1555 2262 1585 2297 5,
1603 2261 1641 2288 6:

221 2317 290 2345 sine
326 2316 443 2346 Cerere
477 2322 507 2346 et
541 2318 660 2347 Libero
696 2318 792 2356 friget
825 2319 954 2356 Venus;
989 2323 1086 2356 atque
1121 2319 1183 2347 hoc
1220 2327 1285 2346 non
1320 2318 1486 2346 abhorret'
1506 2315 1546 2344 ab
1582 2315 1639 2344 illo

220 2372 418 2409 Euripideo:
447 2374 501 2409 (ef.
521 2374 638 2403 Athen.
661 2375 688 2403 6.
708 2384 760 2412 pg.
782 2375 845 2404 270
864 2385 890 2404 o.
908 2375 1059 2404 Dindorf.
1078 2374 1157 2415 887)
1184 2371 1214 2405 ἐν
1233 2372 1407 2414 πλησμονῇ
1433 2382 1481 2403 τοι
1498 2367 1638 2410 Κύπρις»

222 2424 254 2458 ἐν
290 2427 441 2459 πεινῶντι
474 2424 504 2460 δ’
536 2425 583 2459 οὗ.
655 2431 736 2460 Tum
764 2425 958 2471 ”Ηφαιστον
993 2440 1063 2460 esse
1098 2430 1353 2468 mentonymiam
1387 2429 1472 2466 ignis
1507 2428 1570 2456 iam
1606 2427 1639 2455 in

222 2483 325 2512 Iliade
349 2484 546 2521 invenimus,
572 2486 611 2514 ef.
640 2483 681 2515 Φ.
710 2488 775 2516 330
801 2496 866 2524 eqs.
893 2490 925 2515 et
951 2484 987 2516 Β.
1013 2496 1043 2515 ν.
1070 2487 1135 2517 425
1161 2495 1247 2523 eqs.:

424 2537 481 2570 καὶ
504 2537 546 2571 τὰ
572 2538 628 2581 μὲν
654 2536 695 2579 ἂρ
721 2540 872 2583 σχίζῃσιν
897 2538 1088 2582 ἀφύλλοισιν
1115 2539 1298 2577 κατέκαιον,

426 2583 597 2638 σπλάγχνα
621 2594 650 2628 δ’
675 2592 716 2637 ἄῤ
741 2594 964 2637 ἀμπείραντες
989 2593 1161 2639 ὑπείρεχον
1184 2593 1394 2638 Ἡφαίστοιο.

221 2651 360 2689 denique
386 2652 424 2681 cf.
450 2653 618 2691 Aristoph.
643 2653 730 2684 Plut.
756 2655 839 2684 661:
865 2652 1002 2690 πέλανος
1025 2649 1215 2694 “Ηφαίστου
1239 2651 1348 2694 φλογί.
