1857 3089
786 181 1063 223 -30-

210 281 332 318 menti
364 293 448 318 esse
481 282 523 319 in
553 282 721 319 Hecales
751 284 950 321 mentione
981 286 1255 331 concedamus,
1294 285 1493 334 aptissime
1523 287 1631 324 vide—

211 352 274 384 tur
313 349 385 385 boc
428 348 512 386 loco
553 350 773 396 nominata,
826 351 891 388 ubi
935 356 1001 389 aut
1041 352 1155 389 valde
1193 352 1307 389 fallor
1348 357 1415 390 aut
1457 367 1630 402 pronun-

210 415 353 453 tiatur:
385 415 414 452 si
448 416 602 466 quidem
633 417 688 454 ita
718 417 805 464 eris,
836 424 880 456 ut
909 422 948 456 te
978 419 1088 465 volo,
1122 431 1332 467 numquam
1362 420 1438 456 eris
1467 433 1626 469 pauper,

210 483 255 518 ad
288 483 391 533 quod
424 483 669 521 enuntiatum
701 485 849 522 accedit
877 486 947 522 illa
975 486 1192 523 sententia:
1238 489 1354 535 atque
1385 499 1538 535 semper
1566 501 1626 525 re-

211 548 357 585 tinebis
381 549 482 588 hano
503 552 641 588 aetatis
661 552 809 598 florem,
842 565 919 602 qua
948 566 997 590 ex
1027 566 1068 590 re
1100 554 1215 590 etiam
1239 554 1426 603 sequitur,
1457 554 1625 602 priorem

207 627 362 652 versum
403 618 450 653 ad
496 623 662 656 aetatem
707 623 881 667 spectare
913 633 990 657 non
1030 633 1163 669 posse,
1206 633 1291 657 cum
1334 621 1471 658 aetatis
1522 634 1628 658 men-

215 683 271 719 tio
303 683 399 721 insit
426 684 467 721 in
489 686 640 723 duobus
671 687 896 725 enuntiatis.
956 688 1058 736 Ergo
1080 688 1296 725 rectissima
1326 691 1385 725 est
1406 688 1467 724 Pii
1499 701 1630 725 emen-

212 751 332 797 datio,
362 765 595 802 quamquam
627 753 749 790 libere
772 754 970 801 confiteor,
1003 768 1062 791 me
1094 758 1218 792 totum
1238 767 1392 792 versum
1424 756 1628 792 emendare

211 831 291 855 non
313 831 439 867 posse.
485 819 613 860 Quare
634 820 813 857 absoluta
835 822 957 859 oritur
979 822 1167 871 quaestio,
1190 822 1292 858 unde
1313 822 1467 859 venerit
1488 822 1627 860 Plauto

207 886 301 922 haec
323 887 482 923 mentio.
528 887 665 937 Neque
685 888 849 924 Romani
873 889 945 936 ipsi
965 889 1137 925 Hecalen
1160 895 1351 926 noverant
1371 890 1445 926 nisi
1469 902 1517 926 ex
1535 890 1628 926 Pro-

206 953 321 1000 pertii
345 959 383 990 et
412 953 543 990 Ovidii
566 954 811 1000 carminibus,
836 955 901 1005 qui
929 957 1029 993 hanc
1051 955 1213 1003 figuram
1237 962 1485 1004 sumpserunt
1506 969 1527 993 a
1545 956 1628 993 Cal-

206 1020 390 1065 limacho,
423 1021 532 1057 cuius
563 1021 714 1070 epyllio
745 1022 851 1058 illam
882 1035 997 1059 anum
1028 1023 1255 1060 inclaruisse
1285 1035 1428 1071 negare
1460 1036 1536 1060 non
1568 1024 1627 1060 fas

210 1092 278 1124 est.
340 1088 413 1124 Sed
437 1101 672 1138 quoeunque
695 1090 809 1126 modo
841 1102 903 1127 res
933 1103 973 1128 se
994 1092 1125 1137 habet,
1157 1091 1231 1127 hoc
1261 1092 1496 1128 contendere
1524 1091 1626 1137 lieet,

214 1154 385 1192 Heealae
416 1168 559 1192 nomen
602 1155 679 1192 iam
709 1157 812 1204 apud
844 1157 1121 1194 Philochorum
1152 1158 1344 1204 inveniri,
1391 1159 1495 1208 quod
1535 1171 1626 1195 eon-

209 1222 403 1272 quirimus
434 1235 484 1260 ex
515 1223 714 1261 Plutarchi
745 1224 905 1271 Theseo,
938 1226 1001 1276 qui
1027 1225 1302 1263 Philochorum
1335 1239 1374 1263 se
1407 1226 1626 1262 exscribere

209 1290 427 1337 profitetur.
488 1291 581 1328 Cum
611 1297 739 1329 autem
760 1293 1020 1330 Philochorus
1050 1294 1170 1331 fuerit
1200 1294 1312 1331 initio
1345 1294 1449 1331 tertii
1483 1294 1623 1331 saeculi

208 1362 325 1407 atque
357 1358 462 1394 illam
494 1358 662 1395 fabulam
698 1373 776 1397 non
807 1359 1071 1409 indagaverit,
1112 1375 1191 1398 non
1228 1362 1405 1410 ineptum
1446 1374 1529 1398 esse
1568 1361 1626 1398 vi-

207 1425 319 1461 detur
360 1425 507 1471 dicere,
552 1430 590 1463 et
631 1430 768 1477 quarto
808 1428 884 1464 iam
925 1428 1077 1465 saeculo
1109 1429 1283 1466 Hecalen
1325 1432 1454 1465 notam
1494 1428 1625 1474 fuisse,

207 1492 267 1529 cui
306 1493 361 1529 rei
394 1494 625 1531 documento
657 1499 716 1531 est
746 1495 835 1543 pagi
867 1509 1006 1533 nomen
1040 1500 1079 1533 et
1103 1496 1395 1533 Hecalesiorum
1429 1508 1622 1533 sacrorum

203 1560 361 1598 mentio.
423 1560 683 1600 Quamobrem
728 1564 765 1598 et
810 1563 913 1612 quod
955 1563 1031 1600 fuit
1075 1576 1224 1611 pauper
1253 1576 1372 1608 anus,
1412 1567 1506 1611 puto
1539 1575 1622 1600 eam

204 1627 444 1664 notissimam
467 1628 587 1665 fuisse
616 1641 740 1665 novae
762 1631 993 1676 comoediae,
1026 1643 1112 1667 cum
1143 1634 1278 1668 contra
1309 1632 1526 1679 negandum
1559 1631 1620 1677 sit,

206 1694 498 1731 Alexandrinos
530 1695 658 1732 Plauti
691 1697 931 1745 temporibus
962 1698 1064 1746 apud
1087 1698 1284 1735 Romanos
1312 1698 1526 1749 quidquam
1557 1712 1622 1736 va-

207 1761 337 1807 luisse,
371 1763 553 1812 quoniam
585 1763 736 1799 Ennius
776 1764 939 1801 fortasse
979 1765 1126 1813 primus
1157 1765 1434 1802 Alexandrinis
1466 1779 1621 1814 operam

205 1830 321 1866 dedit.
392 1830 494 1876 Ergo
539 1829 568 1866 si
613 1830 652 1866 id
698 1832 800 1880 quod
842 1833 1125 1880 disputavimus
1161 1833 1281 1869 habet
1319 1834 1486 1881 speciem
1526 1834 1621 1879 veri,

204 1896 371 1933 Hecales
402 1897 546 1934 mentio
584 1910 662 1934 non
694 1897 822 1935 aliena
862 1905 920 1937 est
959 1912 981 1936 a
1020 1899 1177 1937 Graecis
1215 1912 1339 1937 novae
1381 1901 1518 1938 aetatis
1559 1913 1622 1937 co-

206 1964 380 2001 moediis.

318 2099 365 2135 In
396 2098 714 2138 Curculionis
754 2100 908 2138 fabulae
945 2115 1062 2139 versu
1095 2106 1174 2140 356
1207 2102 1385 2139 Curculio
1426 2103 1619 2151 parasitus

205 2166 389 2203 describit
420 2162 651 2214 συμπόσιον,
685 2169 787 2219 quod
821 2169 893 2205 sibi
925 2174 1131 2217 paraverat
1161 2170 1292 2207 miles:
1323 2170 1450 2207 cenati
1484 2175 1523 2207 et
1553 2171 1617 2207 ad-

204 2232 285 2280 poti
319 2233 417 2270 talos
447 2240 634 2282 poscunt,
675 2236 783 2285 prior
821 2236 914 2274 iacit
943 2237 1054 2274 miles
1084 2237 1277 2274 vulturios
1309 2242 1504 2288 quattuor,
1535 2242 1616 2275 tum

205 2299 408 2337 Curculio:

260 2366 359 2404 talos
397 2368 563 2416 arripio,
605 2370 746 2407 invoco
785 2371 923 2408 almam
964 2384 1086 2408 meam
1118 2372 1307 2409 nutricem
1338 2371 1558 2409 Herculem.

205 2447 282 2484 quo
313 2434 352 2470 in
384 2447 499 2472 versu
530 2437 720 2474 Hercules
761 2451 852 2475 saue
893 2444 951 2476 est
991 2443 1177 2487 patronus
1216 2439 1472 2486 parasitorum
1504 2440 1617 2476 bibu-

203 2501 328 2538 lorum
361 2507 399 2538 et
429 2502 663 2549 gulosorum,
695 2517 716 2540 a
748 2518 823 2555 quo
854 2505 929 2553 ipsi
962 2505 1071 2555 quasi
1103 2518 1125 2541 a
1156 2506 1305 2543 nutrice
1336 2507 1459 2544 multa
1489 2511 1528 2544 et
1558 2508 1615 2544 bi-

203 2569 295 2605 bere
327 2575 365 2605 et
395 2570 507 2606 edere
539 2571 767 2609 didicerunt.
828 2574 958 2622 Atque
987 2573 1088 2609 hanc
1127 2585 1208 2609 rem
1243 2573 1428 2610 Graecum
1467 2574 1614 2611 fontem

203 2636 388 2683 redolere,
420 2637 510 2673 inde
541 2639 699 2686 sumpsi,
731 2639 834 2689 quod
857 2639 1087 2677 describitur
1108 2637 1344 2688 συμπόσιον;
1376 2641 1514 2678 deinde
1543 2655 1615 2678 nos
