1857 3089
804 207 1083 248 —22-

236 309 547 345 Andromacham
578 312 738 358 propter
769 309 1063 347 similitudinem
1093 322 1251 348 versus:

405 375 436 412 O
469 375 595 421 Troia,
627 389 648 412 o
680 377 924 424 Pergamum,
957 390 978 414 o
1009 376 1148 425 patria,
1180 377 1331 426 periisti
1363 391 1484 415 senex

235 455 320 479 cum
351 442 419 479 illo
450 443 652 480 Enniano:

534 522 555 546 o
586 514 707 558 pater,
748 523 769 546 o
800 509 937 559 patria,
976 523 997 547 o
1028 510 1174 547 Priami
1205 510 1340 547 domus

235 576 350 624 (Enn.
383 576 456 624 frg.
491 579 554 613 81.
587 590 644 627 sq.
673 576 806 626 Ribb.)
866 577 940 613 Sed
971 577 1137 625 primum
1170 577 1326 627 quidem
1357 578 1473 615 Ennii
1504 579 1654 617 fabulas

236 643 380 691 primas
401 664 455 670 —
476 656 565 680 nam
595 648 756 692 propter
785 648 1003 693 temporum
1023 645 1195 682 rationes
1227 645 1273 681 de
1302 645 1437 693 primis
1467 646 1550 683 eius
1579 652 1656 683 tra-

237 711 386 758 goediis
418 711 541 747 solum
564 711 734 759 cogitare
765 711 856 749 licet
886 734 938 738 —
970 716 1074 749 certe
1094 725 1174 749 non
1204 713 1245 748 in
1275 712 1489 760 legentium
1520 726 1655 750 manus

235 778 409 824 venisse,
452 779 518 815 sed
549 791 572 815 a
601 779 805 826 proscenio
836 780 1104 817 tantummodo
1146 780 1297 817 auditas
1338 793 1421 817 esse
1451 780 1653 828 probabile

237 850 314 889 est3
366 846 487 882 verba
526 846 666 882 deinde
705 846 885 882 Enniana
927 846 1064 883 Troiae
1114 846 1315 883 interitum
1359 847 1516 895 lugent,
1567 861 1653 885 cum

238 913 432 958 Plautina,
468 918 676 963 antequam
708 914 799 950 urbs
831 918 943 961 capta
973 917 1042 958 est,
1074 913 1270 950 fortunam
1301 914 1375 950 Ilio
1407 915 1653 962 ingruentem

236 979 520 1026 vaticinantur,
563 984 802 1030 quapropter
832 980 960 1028 aptius
992 980 1087 1016 mihi
1118 980 1251 1017 ludere
1281 980 1464 1018 videntur
1494 983 1655 1019 Cassan-

235 1046 342 1083 dram
371 1052 500 1085 vatem
532 1059 646 1098 quam
678 1048 988 1085 Andromacham
1019 1052 1268 1085 maerentem.

352 1117 483 1165 Atque
515 1115 808 1152 Brachmannus
840 1116 886 1152 de
916 1115 1066 1153 Naevio
1098 1116 1209 1166 Equo
1242 1115 1408 1152 Troiano
1453 1116 1652 1163 cogitavit,

240 1182 305 1218 sed
327 1194 398 1229 ego
429 1182 617 1220 libentius
647 1182 687 1218 in
709 1182 937 1230 Kiesslingii
968 1186 1094 1220 castra
1116 1188 1282 1229 transeo,
1315 1183 1381 1233 qui
1412 1183 1508 1221 haec
1529 1184 1658 1221 omnia

238 1249 457 1286 Menandro
490 1249 646 1295 tribuit,
689 1262 805 1300 quem
836 1249 1024 1287 Graecum
1066 1251 1258 1301 quandam
1300 1250 1539 1298 tragoediam
1569 1251 1658 1288 teti-

239 1316 340 1364 gisse
362 1317 509 1363 statuit,
533 1317 641 1354 cuius
663 1321 933 1365 argumentum
953 1318 1108 1354 accedat
1129 1318 1175 1354 ad
1196 1316 1310 1353 Ἰλίου
1331 1314 1503 1364 πέρσεως
1523 1318 1658 1355 simili-

239 1383 425 1421 tudinem.
471 1384 688 1421 Nicobulus
709 1396 830 1421 senex
853 1383 996 1420 Priami
1020 1390 1150 1432 partes
1177 1384 1257 1431 agit
1279 1384 1388 1433 (973,
1421 1386 1514 1431 976,
1547 1384 1656 1433 978),

238 1451 404 1488 tabellae
448 1451 696 1499 obsignatae,
739 1464 835 1502 quas
874 1451 1084 1501 Chrysalus
1128 1464 1257 1488 secum
1296 1451 1392 1497 fert,
1439 1456 1531 1489 sunt
1567 1452 1658 1504 equi

236 1519 357 1565 lignei
399 1519 637 1556 Achivorum
682 1519 805 1557 instar
849 1518 976 1568 (936),
1015 1518 1254 1556 Pistoclerus
1299 1518 1396 1556 alter
1440 1524 1500 1556 est
1537 1519 1659 1568 Epius

238 1585 364 1636 (937),
413 1587 677 1623 Mnesilochus
707 1586 864 1623 Sinonis
907 1598 1114 1634 personam
1158 1586 1346 1631 sustinet,
1386 1586 1453 1636 qui
1495 1599 1573 1623 non
1616 1587 1658 1624 in

237 1655 352 1691 busto
385 1654 549 1691 Achillis
579 1667 665 1691 cum
696 1654 798 1702 igni,
844 1654 909 1690 sed
939 1654 980 1690 in
1012 1654 1112 1691 lecto
1143 1655 1305 1691 accubat
1335 1666 1420 1690 cum
1451 1653 1654 1700 Bacchide,

238 1734 337 1772 quae
367 1721 495 1769 ipsum
526 1722 666 1767 exurit,
700 1721 868 1771 denique
899 1721 1110 1771 Chrysalus
1141 1726 1200 1758 est
1230 1721 1387 1767 Ulixes,
1421 1721 1529 1758 cuius
1561 1734 1653 1758 con-

239 1789 326 1826 silio
365 1790 462 1826 haec
508 1789 637 1826 omnia
679 1796 878 1837 geruntur.
940 1787 1053 1828 Quod
1095 1789 1236 1826 attinet
1276 1789 1322 1825 ad
1364 1788 1440 1826 tria
1481 1788 1562 1826 fata
1591 1789 1659 1825 illa

239 1856 408 1894 Troiana
446 1857 494 1895 cf.
539 1857 769 1905 Kiesslingii
811 1870 873 1905 pg.
911 1860 972 1902 16,
1012 1856 1271 1893 Brachmanni
1316 1869 1379 1904 pg.
1428 1858 1658 1902 180—183,

241 1937 409 1976 quocum
440 1938 519 1962 non
552 1925 754 1962 consentio
786 1924 827 1960 in
859 1937 904 1961 ea
933 1937 995 1969 re,
1039 1924 1143 1974 quod
1176 1928 1308 1960 censet
1340 1923 1570 1971 Kiesslingii
1599 1935 1658 1959 re-

240 1992 422 2029 censione
453 1996 613 2041 accepta
643 1993 788 2030 frustra
818 1992 1036 2040 exspectari
1071 1990 1231 2028 tertium
1261 1991 1397 2028 fatum.
1459 1990 1659 2031 Quantum

240 2073 312 2108 ego
345 2060 501 2110 quidem
532 2060 665 2098 videre
706 2073 884 2108 possum,
926 2060 1096 2107 perbene
1139 2058 1251 2095 licuit
1292 2063 1430 2106 poetae
1462 2057 1659 2106 postulare

241 2140 262 2163 a
292 2127 546 2175 spectoribus,
592 2130 636 2164 ut
666 2127 880 2176 posteriore
911 2126 979 2163 illo
1014 2126 1098 2162 loco
1129 2126 1167 2162 id
1199 2126 1496 2163 recordarentur
1527 2137 1658 2161 narra-

240 2195 348 2232 tione
379 2193 612 2244 praemissa,
645 2206 744 2245 quae
776 2193 955 2231 versibus
988 2195 1208 2229 935—944
1241 2192 1488 2230 contineatur
1499 2207 1507 2238 3
1549 2205 1659 2240 prae-

240 2269 348 2300 terea
389 2266 518 2299 autem
558 2266 713 2310 poetam
755 2261 831 2298 iam
873 2261 946 2298 hoc
986 2260 1070 2297 loco
1113 2260 1271 2298 tertium
1315 2260 1437 2297 fatum
1481 2270 1660 2296 enarrare

243 2343 322 2367 non
352 2330 410 2366 fas
441 2335 517 2376 est,
551 2342 637 2367 cum
668 2329 840 2374 tabulas,
875 2329 1018 2379 quibus
1047 2328 1143 2365 illud
1174 2328 1296 2365 fatum
1327 2324 1494 2372 tenetur,
1526 2339 1662 2363 servus

243 2398 415 2434 nondum
457 2397 672 2434 tradiderit.
733 2399 864 2446 Atque
907 2395 1073 2432 Plautus
1111 2401 1156 2432 ut
1194 2399 1253 2431 est
1288 2394 1414 2430 bonus
1450 2396 1566 2441 poeta
1599 2393 1664 2430 vel

242 2464 470 2510 translator,
514 2470 557 2501 ut
598 2464 654 2501 ita
696 2464 840 2509 dicam,
881 2463 976 2499 illud
1019 2463 1142 2500 fatum
1180 2460 1452 2510 pronuntiavit
1491 2473 1527 2497 v.
1562 2463 1660 2496 986:

1017 2529 1188 2576 Pellege.

384 2599 498 2635 Nunc
527 2610 710 2647 superum
740 2598 859 2635 limen
890 2597 1089 2644 scinditur,
1122 2609 1227 2634 nunc
1256 2608 1379 2645 prope
1410 2595 1520 2632 adest

1112 2663 1277 2702 exitium
1306 2662 1392 2700 Ilio.
