<?xml version="1.0" encoding="UTF-8"?>
<!DOCTYPE html PUBLIC "-//W3C//DTD XHTML 1.0 Transitional//EN"
    "http://www.w3.org/TR/xhtml1/DTD/xhtml1-transitional.dtd">
<html xmlns="http://www.w3.org/1999/xhtml" xml:lang="en" lang="en">
 <head>
  <title>
</title>
<meta http-equiv="Content-Type" content="text/html;charset=utf-8" />
  <meta name='ocr-system' content='tesseract 3.04.00' />
  <meta name='ocr-capabilities' content='ocr_page ocr_carea ocr_par ocr_line ocrx_word'/>
</head>
<body>
  <div class='ocr_page' id='page_1' title='image "./dehistoriafabula00osteuoft_0075.png"; bbox 0 0 1857 3089; ppageno 0'>
   <div class='ocr_carea' id='block_1_1' title="bbox 225 995 278 1031">
    <p class='ocr_par' dir='ltr' id='par_1_1' title="bbox 225 995 278 1031">
     <span class='ocr_line' id='line_1_1' title="bbox 225 995 278 1031; baseline 0.019 -1"><span class='ocrx_word' id='word_1_1' title='bbox 225 995 278 1031; x_wconf 90' lang='grc' dir='ltr'>ΙΙ.</span> 
     </span>
    </p>
   </div>
   <div class='ocr_carea' id='block_1_2' title="bbox 204 1198 279 1235">
    <p class='ocr_par' dir='ltr' id='par_1_2' title="bbox 204 1198 279 1235">
     <span class='ocr_line' id='line_1_2' title="bbox 204 1198 279 1235; baseline 0.027 -2"><span class='ocrx_word' id='word_1_2' title='bbox 204 1198 279 1235; x_wconf 88' lang='lat' dir='ltr'><strong>III.</strong></span> 
     </span>
    </p>
   </div>
   <div class='ocr_carea' id='block_1_3' title="bbox 211 1401 281 1438">
    <p class='ocr_par' dir='ltr' id='par_1_3' title="bbox 211 1401 281 1438">
     <span class='ocr_line' id='line_1_3' title="bbox 211 1401 281 1438; baseline 0 0"><span class='ocrx_word' id='word_1_3' title='bbox 211 1401 281 1438; x_wconf 89' lang='lat' dir='ltr'>IV.</span> 
     </span>
    </p>
   </div>
   <div class='ocr_carea' id='block_1_4' title="bbox 189 2012 279 2049">
    <p class='ocr_par' dir='ltr' id='par_1_4' title="bbox 189 2012 279 2049">
     <span class='ocr_line' id='line_1_4' title="bbox 189 2012 279 2049; baseline 0.011 -1"><span class='ocrx_word' id='word_1_4' title='bbox 189 2012 279 2049; x_wconf 89' lang='lat' dir='ltr'><strong>VII.</strong></span> 
     </span>
    </p>
   </div>
   <div class='ocr_carea' id='block_1_5' title="bbox 168 2283 280 2320">
    <p class='ocr_par' dir='ltr' id='par_1_5' title="bbox 168 2283 280 2320">
     <span class='ocr_line' id='line_1_5' title="bbox 168 2283 280 2320; baseline -0.009 0"><span class='ocrx_word' id='word_1_5' title='bbox 168 2283 280 2320; x_wconf 89' lang='lat' dir='ltr'><strong>VIII.</strong></span> 
     </span>
    </p>
   </div>
   <div class='ocr_carea' id='block_1_6' title="bbox 388 721 1356 773">
    <p class='ocr_par' dir='ltr' id='par_1_6' title="bbox 388 721 1356 773">
     <span class='ocr_line' id='line_1_6' title="bbox 388 721 1356 773; baseline -0.003 -1"><span class='ocrx_word' id='word_1_6' title='bbox 388 721 791 773; x_wconf 73' lang='lat' dir='ltr'>Sententiae</span> <span class='ocrx_word' id='word_1_7' title='bbox 840 723 1356 772; x_wconf 73' lang='lat' dir='ltr'>controversae:</span> 
     </span>
    </p>
   </div>
   <div class='ocr_carea' id='block_1_7' title="bbox 321 857 1584 1723">
    <p class='ocr_par' dir='ltr' id='par_1_7' title="bbox 326 857 1581 976">
     <span class='ocr_line' id='line_1_7' title="bbox 326 857 1581 909; baseline -0.002 -13"><span class='ocrx_word' id='word_1_8' title='bbox 326 860 453 897; x_wconf 87' lang='lat' dir='ltr'>Plauti</span> <span class='ocrx_word' id='word_1_9' title='bbox 496 860 744 909; x_wconf 78' lang='lat' dir='ltr'>Captivorum</span> <span class='ocrx_word' id='word_1_10' title='bbox 787 874 842 899; x_wconf 82' lang='lat' dir='ltr'>vs.</span> <span class='ocrx_word' id='word_1_11' title='bbox 877 863 1095 896; x_wconf 85' lang='lat'>803-820</span> <span class='ocrx_word' id='word_1_12' title='bbox 1136 859 1359 897; x_wconf 78' lang='lat' dir='ltr'>retractanti</span> <span class='ocrx_word' id='word_1_13' title='bbox 1410 857 1581 896; x_wconf 87' lang='lat' dir='ltr'>fabulam</span> 
     </span>
     <span class='ocr_line' id='line_1_8' title="bbox 327 928 1018 976; baseline 0.003 -12"><span class='ocrx_word' id='word_1_14' title='bbox 327 935 466 976; x_wconf 87' lang='lat' dir='ltr'>poetae</span> <span class='ocrx_word' id='word_1_15' title='bbox 497 928 724 966; x_wconf 88' lang='lat' dir='ltr'>tribuendos</span> <span class='ocrx_word' id='word_1_16' title='bbox 754 940 837 965; x_wconf 88' lang='lat' dir='ltr'>esse</span> <span class='ocrx_word' id='word_1_17' title='bbox 868 941 1018 966; x_wconf 86' lang='lat' dir='ltr'>censeo.</span> 
     </span>
    </p>

    <p class='ocr_par' dir='ltr' id='par_1_8' title="bbox 324 992 1581 1179">
     <span class='ocr_line' id='line_1_9' title="bbox 326 992 1580 1046; baseline -0.002 -15"><span class='ocrx_word' id='word_1_18' title='bbox 326 995 489 1042; x_wconf 83' lang='lat' dir='ltr'>Versus,</span> <span class='ocrx_word' id='word_1_19' title='bbox 541 996 682 1046; x_wconf 87' lang='lat' dir='ltr'>quibus</span> <span class='ocrx_word' id='word_1_20' title='bbox 722 995 850 1043; x_wconf 84' lang='lat' dir='ltr'>agitur</span> <span class='ocrx_word' id='word_1_21' title='bbox 908 996 953 1032; x_wconf 87' lang='lat' dir='ltr'>de</span> <span class='ocrx_word' id='word_1_22' title='bbox 994 995 1161 1042; x_wconf 81' lang='lat' dir='ltr'>chorago</span> <span class='ocrx_word' id='word_1_23' title='bbox 1204 1007 1270 1032; x_wconf 88' lang='lat' dir='ltr'>seu</span> <span class='ocrx_word' id='word_1_24' title='bbox 1317 993 1497 1041; x_wconf 86' lang='lat' dir='ltr'>choragio</span> <span class='ocrx_word' id='word_1_25' title='bbox 1540 992 1580 1029; x_wconf 89' lang='lat' dir='ltr'>in</span> 
     </span>
     <span class='ocr_line' id='line_1_10' title="bbox 324 1060 1581 1112; baseline -0.003 -12"><span class='ocrx_word' id='word_1_26' title='bbox 324 1063 532 1100; x_wconf 86' lang='lat' dir='ltr'>comoediis</span> <span class='ocrx_word' id='word_1_27' title='bbox 574 1063 765 1101; x_wconf 83' lang='lat' dir='ltr'>Plautinis</span> <span class='ocrx_word' id='word_1_28' title='bbox 807 1064 929 1112; x_wconf 83' lang='lat' dir='ltr'>(Pers.</span> <span class='ocrx_word' id='word_1_29' title='bbox 969 1065 1056 1100; x_wconf 86' lang='lat'>159.</span> <span class='ocrx_word' id='word_1_30' title='bbox 1100 1062 1206 1100; x_wconf 88' lang='lat' dir='ltr'>Trin.</span> <span class='ocrx_word' id='word_1_31' title='bbox 1250 1061 1326 1099; x_wconf 84' lang='lat'>857</span> <span class='ocrx_word' id='word_1_32' title='bbox 1370 1062 1478 1109; x_wconf 88' lang='lat' dir='ltr'>Capt.</span> <span class='ocrx_word' id='word_1_33' title='bbox 1513 1060 1581 1109; x_wconf 81' lang='lat'>59)</span> 
     </span>
     <span class='ocr_line' id='line_1_11' title="bbox 324 1131 577 1179; baseline 0.004 -12"><span class='ocrx_word' id='word_1_34' title='bbox 324 1131 445 1179; x_wconf 89' lang='lat' dir='ltr'>spurii</span> <span class='ocrx_word' id='word_1_35' title='bbox 476 1135 577 1168; x_wconf 89' lang='lat' dir='ltr'>sunt.</span> 
     </span>
    </p>

    <p class='ocr_par' dir='ltr' id='par_1_9' title="bbox 324 1195 1582 1371">
     <span class='ocr_line' id='line_1_12' title="bbox 325 1195 1582 1248; baseline -0.003 -13"><span class='ocrx_word' id='word_1_36' title='bbox 325 1199 439 1236; x_wconf 84' lang='lat' dir='ltr'>Errat</span> <span class='ocrx_word' id='word_1_37' title='bbox 469 1199 728 1243; x_wconf 87' lang='lat' dir='ltr'>Ribbeckius,</span> <span class='ocrx_word' id='word_1_38' title='bbox 772 1197 838 1248; x_wconf 88' lang='lat' dir='ltr'>qui</span> <span class='ocrx_word' id='word_1_39' title='bbox 870 1198 909 1234; x_wconf 86' lang='lat' dir='ltr'>in</span> <span class='ocrx_word' id='word_1_40' title='bbox 942 1198 998 1234; x_wconf 86' lang='lat' dir='ltr'>rh.</span> <span class='ocrx_word' id='word_1_41' title='bbox 1032 1198 1128 1237; x_wconf 80' lang='lat' dir='ltr'>Mus.</span> <span class='ocrx_word' id='word_1_42' title='bbox 1162 1197 1379 1242; x_wconf 79' lang='lat' dir='ltr'><strong>XXXVII,</strong></span> <span class='ocrx_word' id='word_1_43' title='bbox 1412 1199 1460 1232; x_wconf 84' lang='lat'>54</span> <span class='ocrx_word' id='word_1_44' title='bbox 1494 1195 1582 1233; x_wconf 88' lang='lat' dir='ltr'>Asi-</span> 
     </span>
     <span class='ocr_line' id='line_1_13' title="bbox 327 1264 1582 1313; baseline -0.002 -11"><span class='ocrx_word' id='word_1_45' title='bbox 327 1267 458 1303; x_wconf 85' lang='lat' dir='ltr'>nariae</span> <span class='ocrx_word' id='word_1_46' title='bbox 488 1281 544 1304; x_wconf 86' lang='lat' dir='ltr'>vs.</span> <span class='ocrx_word' id='word_1_47' title='bbox 580 1271 670 1313; x_wconf 82' lang='lat'>946,</span> <span class='ocrx_word' id='word_1_48' title='bbox 714 1265 791 1302; x_wconf 88' lang='lat'>947</span> <span class='ocrx_word' id='word_1_49' title='bbox 834 1266 880 1302; x_wconf 87' lang='lat' dir='ltr'>ad</span> <span class='ocrx_word' id='word_1_50' title='bbox 922 1265 1237 1303; x_wconf 87' lang='lat' dir='ltr'>coercitationem</span> <span class='ocrx_word' id='word_1_51' title='bbox 1274 1265 1314 1302; x_wconf 90' lang='lat' dir='ltr'>in</span> <span class='ocrx_word' id='word_1_52' title='bbox 1346 1264 1582 1301; x_wconf 84' lang='lat' dir='ltr'>historiones</span> 
     </span>
     <span class='ocr_line' id='line_1_14' title="bbox 324 1334 836 1371; baseline 0 -1"><span class='ocrx_word' id='word_1_53' title='bbox 324 1334 549 1371; x_wconf 85' lang='lat' dir='ltr'>referendos</span> <span class='ocrx_word' id='word_1_54' title='bbox 580 1346 663 1371; x_wconf 85' lang='lat' dir='ltr'>esse</span> <span class='ocrx_word' id='word_1_55' title='bbox 694 1337 836 1371; x_wconf 85' lang='lat' dir='ltr'>censet.</span> 
     </span>
    </p>

    <p class='ocr_par' dir='ltr' id='par_1_10' title="bbox 321 1399 1584 1653">
     <span class='ocr_line' id='line_1_15' title="bbox 327 1399 1581 1450; baseline -0.002 -12"><span class='ocrx_word' id='word_1_56' title='bbox 327 1402 415 1439; x_wconf 89' lang='lat' dir='ltr'>Non</span> <span class='ocrx_word' id='word_1_57' title='bbox 461 1406 565 1440; x_wconf 86' lang='lat' dir='ltr'>recte</span> <span class='ocrx_word' id='word_1_58' title='bbox 608 1401 845 1439; x_wconf 85' lang='lat' dir='ltr'>Ritschelius</span> <span class='ocrx_word' id='word_1_59' title='bbox 885 1401 924 1438; x_wconf 90' lang='lat' dir='ltr'>in</span> <span class='ocrx_word' id='word_1_60' title='bbox 966 1414 1070 1450; x_wconf 85' lang='lat' dir='ltr'>parg.</span> <span class='ocrx_word' id='word_1_61' title='bbox 1111 1414 1175 1449; x_wconf 84' lang='lat' dir='ltr'>pg.</span> <span class='ocrx_word' id='word_1_62' title='bbox 1220 1403 1295 1437; x_wconf 83' lang='lat'>145</span> <span class='ocrx_word' id='word_1_63' title='bbox 1338 1401 1383 1436; x_wconf 86' lang='lat' dir='ltr'>de</span> <span class='ocrx_word' id='word_1_64' title='bbox 1415 1399 1581 1437; x_wconf 84' lang='lat' dir='ltr'>Caecilio</span> 
     </span>
     <span class='ocr_line' id='line_1_16' title="bbox 321 1468 1584 1520; baseline -0.001 -15"><span class='ocrx_word' id='word_1_65' title='bbox 321 1470 443 1507; x_wconf 73' lang='lat' dir='ltr'>Statio</span> <span class='ocrx_word' id='word_1_66' title='bbox 480 1470 647 1515; x_wconf 87' lang='lat' dir='ltr'>iudicat,</span> <span class='ocrx_word' id='word_1_67' title='bbox 692 1481 805 1520; x_wconf 87' lang='lat' dir='ltr'>quem</span> <span class='ocrx_word' id='word_1_68' title='bbox 836 1470 961 1518; x_wconf 91' lang='lat' dir='ltr'>primo</span> <span class='ocrx_word' id='word_1_69' title='bbox 1004 1469 1185 1505; x_wconf 87' lang='lat' dir='ltr'>Plautum</span> <span class='ocrx_word' id='word_1_70' title='bbox 1229 1471 1414 1514; x_wconf 84' lang='lat' dir='ltr'>secutum,</span> <span class='ocrx_word' id='word_1_71' title='bbox 1446 1468 1584 1505; x_wconf 84' lang='lat' dir='ltr'>deinde</span> 
     </span>
     <span class='ocr_line' id='line_1_17' title="bbox 324 1535 1584 1586; baseline -0.001 -13"><span class='ocrx_word' id='word_1_72' title='bbox 324 1537 496 1575; x_wconf 85' lang='lat' dir='ltr'>Terentii</span> <span class='ocrx_word' id='word_1_73' title='bbox 537 1537 717 1585; x_wconf 77' lang='lat' dir='ltr'>vestigiis</span> <span class='ocrx_word' id='word_1_74' title='bbox 759 1537 947 1574; x_wconf 82' lang='lat' dir='ltr'>institisse</span> <span class='ocrx_word' id='word_1_75' title='bbox 991 1549 1176 1586; x_wconf 87' lang='lat' dir='ltr'>apparere</span> <span class='ocrx_word' id='word_1_76' title='bbox 1219 1535 1313 1573; x_wconf 87' lang='lat' dir='ltr'>dicit</span> <span class='ocrx_word' id='word_1_77' title='bbox 1353 1548 1403 1572; x_wconf 82' lang='lat' dir='ltr'>ex</span> <span class='ocrx_word' id='word_1_78' title='bbox 1431 1535 1514 1573; x_wconf 87' lang='lat' dir='ltr'>eius</span> <span class='ocrx_word' id='word_1_79' title='bbox 1545 1538 1584 1573; x_wconf 87' lang='lat' dir='ltr'>et</span> 
     </span>
     <span class='ocr_line' id='line_1_18' title="bbox 321 1603 1350 1653; baseline 0 -12"><span class='ocrx_word' id='word_1_80' title='bbox 321 1605 442 1642; x_wconf 88' lang='lat' dir='ltr'>latine</span> <span class='ocrx_word' id='word_1_81' title='bbox 473 1610 511 1642; x_wconf 89' lang='lat' dir='ltr'>et</span> <span class='ocrx_word' id='word_1_82' title='bbox 542 1618 678 1653; x_wconf 85' lang='lat' dir='ltr'>graece</span> <span class='ocrx_word' id='word_1_83' title='bbox 710 1605 866 1653; x_wconf 90' lang='lat' dir='ltr'>scriptis</span> <span class='ocrx_word' id='word_1_84' title='bbox 898 1605 1181 1642; x_wconf 83' lang='lat' dir='ltr'>comoediarum</span> <span class='ocrx_word' id='word_1_85' title='bbox 1213 1603 1350 1641; x_wconf 92' lang='lat' dir='ltr'>titulis.</span> 
     </span>
    </p>

    <p class='ocr_par' dir='ltr' id='par_1_11' title="bbox 326 1671 1582 1723">
     <span class='ocr_line' id='line_1_19' title="bbox 326 1671 1582 1723; baseline 0 -14"><span class='ocrx_word' id='word_1_86' title='bbox 326 1672 500 1721; x_wconf 88' lang='lat' dir='ltr'>Euripid.</span> <span class='ocrx_word' id='word_1_87' title='bbox 521 1674 608 1721; x_wconf 89' lang='lat' dir='ltr'>Iph.</span> <span class='ocrx_word' id='word_1_88' title='bbox 634 1673 747 1709; x_wconf 85' lang='lat' dir='ltr'>Taur.</span> <span class='ocrx_word' id='word_1_89' title='bbox 772 1672 850 1723; x_wconf 88' lang='lat' dir='ltr'>(ed.</span> <span class='ocrx_word' id='word_1_90' title='bbox 876 1673 1091 1711; x_wconf 87' lang='lat' dir='ltr'>Kirchhoff.</span> <span class='ocrx_word' id='word_1_91' title='bbox 1115 1672 1219 1721; x_wconf 86' lang='lat' dir='ltr'>mai.)</span> <span class='ocrx_word' id='word_1_92' title='bbox 1242 1685 1280 1710; x_wconf 86' lang='lat' dir='ltr'>v.</span> <span class='ocrx_word' id='word_1_93' title='bbox 1304 1675 1379 1708; x_wconf 84' lang='lat'>341</span> <span class='ocrx_word' id='word_1_94' title='bbox 1416 1671 1582 1721; x_wconf 88' lang='lat' dir='ltr'>spurius.</span> 
     </span>
    </p>
   </div>
   <div class='ocr_carea' id='block_1_8' title="bbox 276 1739 1583 1790">
    <p class='ocr_par' dir='ltr' id='par_1_12' title="bbox 276 1739 1583 1790">
     <span class='ocr_line' id='line_1_20' title="bbox 276 1739 1583 1790; baseline 0 -13"><span class='ocrx_word' id='word_1_95' title='bbox 276 1769 284 1777; x_wconf 89' lang='lat'><strong><em>.</em></strong></span> <span class='ocrx_word' id='word_1_96' title='bbox 331 1739 583 1777; x_wconf 66' lang='lat' dir='ltr'>vasculorum</span> <span class='ocrx_word' id='word_1_97' title='bbox 614 1740 753 1789; x_wconf 84' lang='lat' dir='ltr'>pictor,</span> <span class='ocrx_word' id='word_1_98' title='bbox 785 1740 851 1790; x_wconf 87' lang='lat' dir='ltr'>qui</span> <span class='ocrx_word' id='word_1_99' title='bbox 884 1740 1148 1778; x_wconf 85' lang='lat' dir='ltr'>dimissionem</span> <span class='ocrx_word' id='word_1_100' title='bbox 1181 1739 1495 1788; x_wconf 85' lang='lat' dir='ltr'>Bellerophontis</span> <span class='ocrx_word' id='word_1_101' title='bbox 1526 1740 1583 1777; x_wconf 85' lang='lat' dir='ltr'>fe-</span> 
     </span>
    </p>
   </div>
   <div class='ocr_carea' id='block_1_9' title="bbox 322 1807 1583 2469">
    <p class='ocr_par' dir='ltr' id='par_1_13' title="bbox 322 1807 1583 2469">
     <span class='ocr_line' id='line_1_21' title="bbox 322 1807 1583 1856; baseline -0.001 -11"><span class='ocrx_word' id='word_1_102' title='bbox 322 1813 436 1855; x_wconf 87' lang='lat' dir='ltr'>cerat,</span> <span class='ocrx_word' id='word_1_103' title='bbox 469 1821 547 1845; x_wconf 91' lang='lat' dir='ltr'>non</span> <span class='ocrx_word' id='word_1_104' title='bbox 579 1808 818 1856; x_wconf 88' lang='lat' dir='ltr'>Euripidem,</span> <span class='ocrx_word' id='word_1_105' title='bbox 849 1809 914 1845; x_wconf 86' lang='lat' dir='ltr'>sed</span> <span class='ocrx_word' id='word_1_106' title='bbox 937 1809 1153 1846; x_wconf 87' lang='lat' dir='ltr'>Homerum</span> <span class='ocrx_word' id='word_1_107' title='bbox 1184 1807 1364 1856; x_wconf 87' lang='lat' dir='ltr'>respicit;</span> <span class='ocrx_word' id='word_1_108' title='bbox 1398 1820 1490 1855; x_wconf 89' lang='lat' dir='ltr'>ergo</span> <span class='ocrx_word' id='word_1_109' title='bbox 1516 1808 1583 1844; x_wconf 90' lang='lat' dir='ltr'>illa</span> 
     </span>
     <span class='ocr_line' id='line_1_22' title="bbox 324 1875 1581 1925; baseline 0 -12"><span class='ocrx_word' id='word_1_110' title='bbox 324 1876 469 1913; x_wconf 85' lang='lat' dir='ltr'>femina</span> <span class='ocrx_word' id='word_1_111' title='bbox 499 1889 576 1912; x_wconf 89' lang='lat' dir='ltr'>non</span> <span class='ocrx_word' id='word_1_112' title='bbox 614 1876 870 1923; x_wconf 84' lang='lat' dir='ltr'>Stheneboea,</span> <span class='ocrx_word' id='word_1_113' title='bbox 903 1877 967 1913; x_wconf 89' lang='lat' dir='ltr'>sed</span> <span class='ocrx_word' id='word_1_114' title='bbox 1003 1879 1131 1913; x_wconf 84' lang='lat' dir='ltr'>Antea</span> <span class='ocrx_word' id='word_1_115' title='bbox 1161 1875 1397 1913; x_wconf 86' lang='lat' dir='ltr'>nominanda</span> <span class='ocrx_word' id='word_1_116' title='bbox 1428 1880 1486 1913; x_wconf 85' lang='lat' dir='ltr'>est</span> <span class='ocrx_word' id='word_1_117' title='bbox 1517 1876 1581 1925; x_wconf 85' lang='lat' dir='ltr'>(cf.</span> 
     </span>
     <span class='ocr_line' id='line_1_23' title="bbox 326 1944 1048 1990; baseline 0.003 -11"><span class='ocrx_word' id='word_1_118' title='bbox 326 1945 429 1981; x_wconf 91' lang='lat' dir='ltr'>Mon.</span> <span class='ocrx_word' id='word_1_119' title='bbox 463 1945 495 1981; x_wconf 88' lang='lat' dir='ltr'>d.</span> <span class='ocrx_word' id='word_1_120' title='bbox 529 1944 625 1981; x_wconf 89' lang='lat' dir='ltr'>Inst.</span> <span class='ocrx_word' id='word_1_121' title='bbox 662 1946 779 1990; x_wconf 86' lang='lat'>1849,</span> <span class='ocrx_word' id='word_1_122' title='bbox 811 1945 888 1981; x_wconf 89' lang='lat' dir='ltr'>tab.</span> <span class='ocrx_word' id='word_1_123' title='bbox 920 1944 1048 1990; x_wconf 83' lang='lat' dir='ltr'><strong>XXI).</strong></span> 
     </span>
     <span class='ocr_line' id='line_1_24' title="bbox 328 2011 1582 2061; baseline 0.002 -14"><span class='ocrx_word' id='word_1_124' title='bbox 328 2012 515 2049; x_wconf 84' lang='lat' dir='ltr'>Vasorum</span> <span class='ocrx_word' id='word_1_125' title='bbox 563 2012 731 2060; x_wconf 85' lang='lat' dir='ltr'>pictores</span> <span class='ocrx_word' id='word_1_126' title='bbox 784 2011 1053 2050; x_wconf 80' lang='lat' dir='ltr'>exhibentium</span> <span class='ocrx_word' id='word_1_127' title='bbox 1097 2012 1438 2061; x_wconf 88' lang='lat' dir='ltr'>Bellerophontem</span> <span class='ocrx_word' id='word_1_128' title='bbox 1494 2012 1582 2049; x_wconf 83' lang='lat' dir='ltr'>Chi-</span> 
     </span>
     <span class='ocr_line' id='line_1_25' title="bbox 328 2080 1582 2128; baseline 0.001 -12"><span class='ocrx_word' id='word_1_129' title='bbox 328 2092 493 2117; x_wconf 89' lang='lat' dir='ltr'>maeram</span> <span class='ocrx_word' id='word_1_130' title='bbox 549 2080 838 2128; x_wconf 83' lang='lat' dir='ltr'>depugnantem</span> <span class='ocrx_word' id='word_1_131' title='bbox 882 2093 959 2116; x_wconf 87' lang='lat' dir='ltr'>non</span> <span class='ocrx_word' id='word_1_132' title='bbox 1007 2080 1130 2118; x_wconf 89' lang='lat' dir='ltr'>solum</span> <span class='ocrx_word' id='word_1_133' title='bbox 1173 2081 1220 2116; x_wconf 91' lang='lat' dir='ltr'>ad</span> <span class='ocrx_word' id='word_1_134' title='bbox 1272 2093 1392 2117; x_wconf 88' lang='lat' dir='ltr'>unum</span> <span class='ocrx_word' id='word_1_135' title='bbox 1432 2082 1582 2118; x_wconf 74' lang='lat' dir='ltr'>fontem</span> 
     </span>
     <span class='ocr_line' id='line_1_26' title="bbox 324 2147 1582 2193; baseline 0.001 -9"><span class='ocrx_word' id='word_1_136' title='bbox 324 2147 553 2185; x_wconf 87' lang='lat' dir='ltr'>litterarium</span> <span class='ocrx_word' id='word_1_137' title='bbox 602 2152 826 2193; x_wconf 88' lang='lat' dir='ltr'>recurrunt,</span> <span class='ocrx_word' id='word_1_138' title='bbox 881 2148 947 2185; x_wconf 86' lang='lat' dir='ltr'>sed</span> <span class='ocrx_word' id='word_1_139' title='bbox 988 2149 1103 2186; x_wconf 86' lang='lat' dir='ltr'>etiam</span> <span class='ocrx_word' id='word_1_140' title='bbox 1146 2148 1310 2185; x_wconf 85' lang='lat' dir='ltr'>eundem</span> <span class='ocrx_word' id='word_1_141' title='bbox 1355 2148 1582 2186; x_wconf 85' lang='lat' dir='ltr'>statuarium</span> 
     </span>
     <span class='ocr_line' id='line_1_27' title="bbox 322 2220 549 2264; baseline 0.004 -12"><span class='ocrx_word' id='word_1_142' title='bbox 322 2220 549 2264; x_wconf 79' lang='lat' dir='ltr'>excerpunt.</span> 
     </span>
     <span class='ocr_line' id='line_1_28' title="bbox 328 2283 1358 2334; baseline 0.002 -15"><span class='ocrx_word' id='word_1_143' title='bbox 328 2283 524 2331; x_wconf 86' lang='lat' dir='ltr'>Calpurnii</span> <span class='ocrx_word' id='word_1_144' title='bbox 558 2284 676 2330; x_wconf 85' lang='lat' dir='ltr'>eclog.</span> <span class='ocrx_word' id='word_1_145' title='bbox 712 2283 800 2329; x_wconf 92' lang='lat' dir='ltr'>VII,</span> <span class='ocrx_word' id='word_1_146' title='bbox 835 2286 898 2329; x_wconf 79' lang='lat'>41,</span> <span class='ocrx_word' id='word_1_147' title='bbox 932 2287 982 2319; x_wconf 82' lang='grc'>42</span> <span class='ocrx_word' id='word_1_148' title='bbox 1015 2284 1069 2321; x_wconf 89' lang='lat' dir='ltr'>sic</span> <span class='ocrx_word' id='word_1_149' title='bbox 1099 2285 1358 2334; x_wconf 87' lang='lat' dir='ltr'>interpungo:</span> 
     </span>
     <span class='ocr_line' id='line_1_29' title="bbox 812 2352 1176 2402; baseline 0.003 -14"><span class='ocrx_word' id='word_1_150' title='bbox 812 2352 877 2402; x_wconf 87' lang='lat' dir='ltr'>qui</span> <span class='ocrx_word' id='word_1_151' title='bbox 909 2352 1062 2390; x_wconf 86' lang='lat' dir='ltr'>nescius</span> <span class='ocrx_word' id='word_1_152' title='bbox 1092 2353 1176 2390; x_wconf 90' lang='lat' dir='ltr'>auri</span> 
     </span>
     <span class='ocr_line' id='line_1_30' title="bbox 395 2419 1350 2469; baseline 0.002 -13"><span class='ocrx_word' id='word_1_153' title='bbox 395 2419 548 2457; x_wconf 87' lang='lat' dir='ltr'>sordida</span> <span class='ocrx_word' id='word_1_154' title='bbox 578 2423 690 2465; x_wconf 87' lang='lat' dir='ltr'>tecta,</span> <span class='ocrx_word' id='word_1_155' title='bbox 723 2431 829 2456; x_wconf 87' lang='lat' dir='ltr'>casas</span> <span class='ocrx_word' id='word_1_156' title='bbox 859 2423 898 2457; x_wconf 88' lang='lat' dir='ltr'>et</span> <span class='ocrx_word' id='word_1_157' title='bbox 928 2420 1009 2457; x_wconf 87' lang='lat' dir='ltr'>sola</span> <span class='ocrx_word' id='word_1_158' title='bbox 1039 2420 1206 2469; x_wconf 88' lang='lat' dir='ltr'>mapalia</span> <span class='ocrx_word' id='word_1_159' title='bbox 1236 2421 1350 2458; x_wconf 92' lang='lat' dir='ltr'>nosti.</span> 
     </span>
    </p>
   </div>
  </div>
 </body>
</html>
