1857 3089
756 211 1034 254 -53—

192 315 510 364 risimilitudine3
565 316 661 353 adde
703 316 806 367 quod
849 316 945 352 haec
985 315 1115 351 omnia
1155 314 1353 363 mysteriis
1397 316 1606 352 obscurata

192 387 324 429 erant,
356 406 409 409 —
443 384 544 434 quod
577 397 625 420 ex
655 383 741 420 loco
773 383 954 419 Plautino
988 395 1143 432 quoque
1175 381 1340 431 sumpsi,
1372 381 1437 419 ubi
1471 382 1605 419 scribi-

190 455 278 488 tur:
321 450 362 487 in
394 464 526 488 aurem
559 451 704 489 dixerit
733 471 786 476 -—
825 454 868 487 ut
898 450 983 487 fieri
1026 463 1105 486 non
1135 453 1290 499 posset,
1333 453 1376 486 ut
1405 449 1445 485 in
1477 449 1605 498 publi-

191 531 277 555 cum
310 519 504 564 evaderet,
538 519 629 569 quid
661 517 826 555 dixisset
856 513 1035 565 βασιλεύς
1067 515 1281 569 βασιλίννῃ.
1341 519 1472 567 Atque
1497 514 1605 564 βασι-

189 582 261 629 έως
301 587 540 623 mentionem
569 586 610 622 in
650 598 751 623 nova
784 585 982 622 comoedia
1021 585 1226 633 indagavi,
1267 585 1315 621 cf.
1349 583 1499 634 Diphili
1533 585 1605 621 Pa-

190 654 349 704 negyris
380 655 661 701 fragmentum:

724 715 794 768 τὴν
825 716 1010 756 πλατεῖοῖν
1042 731 1101 757 σοι
1134 716 1255 769 μόνον

391 782 534 835 ταύτην
574 786 785 836 πεποίηκεν
824 781 847 824 ὁ
878 783 1082 835 βασιλεύς,
1125 801 1201 839 quo
1239 788 1324 825 loco
1356 800 1486 834 regem
1520 800 1603 824 esse

186 853 345 903 βασιλέα
376 850 541 904 ἄρχοντα
571 856 649 892 iam
683 861 845 905 apparet
877 870 927 893 ex
948 855 1063 893 titulo
1103 850 1341 906 Πανηγύρει,
1375 868 1473 906 quae
1502 854 1604 891 ludis

187 923 400 960 saoralibus
433 927 527 961 erat.
590 924 715 965 Quam
745 924 1114 973 interpretationem
1155 925 1186 962 si
1224 923 1448 974 accipimus,
1481 935 1604 973 quan-

187 991 274 1028 dam
304 991 384 1028 vim
413 991 542 1029 inesse
572 992 612 1028 in
645 1005 689 1029 eo
721 1006 838 1030 versu
871 1005 1014 1040 negare
1046 1005 1123 1029 non
1155 1005 1370 1042 possumus.

299 1060 346 1095 In
378 1073 494 1097 versu
526 1059 695 1111 denique
727 1064 806 1097 928
841 1061 1084 1110 sycophanta
1114 1059 1402 1107 interrogatus,
1446 1059 1512 1096 ubi
1544 1073 1603 1097 re-

183 1127 346 1178 liquerit
377 1127 575 1164 dominum
601 1128 860 1174 Charmidem,
891 1128 1128 1178 respondet:

349 1195 420 1231 Pol
450 1195 559 1232 illum
580 1195 721 1245 reliqui
753 1196 800 1232 ad
832 1196 1141 1233 Rhadamantem
1172 1195 1212 1231 in
1244 1195 1441 1244 Cecropia.

182 1263 280 1298 Nam
320 1261 374 1299 sic
414 1262 582 1299 scribere
627 1262 727 1299 malo
769 1263 985 1301 Ritschelio
1028 1263 1069 1299 in
1111 1262 1342 1311 praefation.
1384 1276 1422 1311 p.
1466 1262 1603 1299 LXIX

186 1329 368 1367 editionis
399 1330 652 1376 adhortante,
685 1343 769 1368 oum
802 1330 867 1366 alii
899 1330 1106 1368 lectionem
1138 1330 1312 1368 codicum
1346 1330 1602 1367 ‘Rhadaman-

184 1401 262 1434 tem
294 1398 333 1433 in
367 1397 553 1446 Cecropia
592 1395 731 1435 insula'
776 1404 928 1436 mutent
970 1399 1011 1435 in
1052 1399 1302 1435 ‘Rhadamam
1345 1398 1386 1434 in
1417 1398 1604 1446 Cecropia

181 1462 331 1502 insula'.
393 1464 495 1504 Quid
526 1466 600 1503 hoc
631 1466 713 1503 loco
747 1466 891 1504 mentio
924 1466 1204 1503 Rhadamantis
1234 1466 1439 1515 respiciat,
1485 1465 1599 1503 facile

183 1537 241 1569 est
270 1532 495 1579 intellectu,
537 1546 624 1569 nam
656 1532 782 1570 insula
811 1534 874 1571 vel
916 1547 1078 1582 regnum
1108 1534 1214 1571 illius
1244 1534 1347 1582 regis
1379 1533 1500 1582 magis
1532 1546 1599 1570 ex-

182 1601 352 1648 cogitata
382 1604 441 1637 est
472 1613 584 1651 quam
618 1606 661 1638 ut
690 1614 731 1637 re
752 1614 846 1638 vera
875 1602 1043 1639 inveniri
1066 1602 1189 1651 possit
1219 1601 1259 1638 in
1291 1602 1364 1639 hoc
1396 1602 1488 1638 orbe
1519 1607 1594 1639 ter-

181 1681 324 1713 rarum,
357 1673 415 1705 est
444 1682 484 1705 re
507 1681 599 1706 vera
628 1673 731 1706 terra
752 1670 940 1716 fabulosa,
973 1670 1037 1707 ubi
1063 1670 1240 1707 homines
1261 1670 1485 1708 felicissima
1506 1683 1596 1707 con—

183 1735 330 1773 ditione
363 1736 466 1773 vitae
497 1736 556 1773 usi
587 1741 676 1785 post
705 1742 868 1775 mortem
899 1738 1050 1776 vivunt.
1111 1739 1157 1776 ef.
1191 1737 1260 1775 Od.
1294 1740 1330 1773 A
1363 1742 1462 1776 564:

384 1797 478 1839 ἄλλά
509 1797 542 1840 6'
573 1801 611 1848 ἐς
641 1799 819 1842 Ἠλύσιον
850 1805 984 1843 πεδίον
1016 1804 1081 1843 καὶ
1112 1805 1272 1856 πείρατα
1304 1805 1417 1857 γαίης

383 1865 576 1908 ἀθάνατοι
606 1870 844 1920 πέμψουσιν,
877 1869 946 1911 ὅθι
977 1870 1127 1920 ξαννθός
1155 1868 1445 1922 Ῥαδάμανθυς,

381 1939 426 1991 τῇ
458 1951 529 1989 περ
561 1937 697 1989 ῥηίστη
729 1936 843 1989 βιοτὴ
876 1939 979 1979 πέλει
1010 1936 1295 1993 ἀνθρώποισιν.

298 2008 436 2057 Itaque
468 2009 718 2056 sycophanta,
751 2010 816 2060 qui
849 2010 889 2046 in
922 2015 1004 2047 tota
1026 2023 1139 2048 scena
1170 2011 1422 2061 hyperbolice
1445 2010 1597 2048 locutus

178 2079 236 2110 est
266 2074 329 2122 (cf.
363 2075 466 2124 quod
498 2075 591 2113 dicit
622 2089 661 2113 se
692 2076 732 2113 in
765 2078 914 2114 coelum
946 2078 1164 2116 escendisse
1194 2091 1230 2115 v.
1265 2082 1344 2115 940
1376 2079 1474 2128 eqs.)
1505 2091 1594 2126 per-

179 2142 277 2178 bene
310 2142 466 2189 gloriari
498 2142 648 2191 potuit,
689 2158 728 2182 se
770 2146 824 2182 ibi
868 2146 1066 2183 dominum
1103 2145 1328 2197 reliquisse,
1372 2146 1436 2183 ubi
1478 2158 1592 2182 nemo

184 2208 358 2246 mortalis
388 2223 570 2260 umquam
601 2212 698 2259 fuit,
730 2213 769 2249 in
800 2214 1024 2251 beatissima
1055 2217 1176 2260 terra,
1209 2214 1250 2250 in
1282 2214 1438 2263 Elysio;
1475 2218 1592 2264 atque

180 2277 460 2314 Rhadamantis
502 2280 646 2316 mentio
687 2286 816 2319 exstat
857 2282 974 2319 etiam
1026 2282 1067 2318 in
1105 2282 1334 2330 fragmentis
1372 2282 1592 2320 comoediae

181 2344 229 2381 cf.
264 2344 380 2382 Mein.
413 2345 468 2382 II.
502 2349 593 2392 802,
629 2352 663 2384 4.
723 2349 832 2386 Haec
863 2349 1018 2399 quidem
1061 2350 1229 2399 perspici
1261 2354 1425 2399 possunt
1469 2356 1508 2387 et
1537 2349 1591 2386 le—

177 2412 287 2449 viora
317 2418 428 2460 sunt,
473 2415 538 2451 sed
576 2415 615 2451 in
655 2417 728 2454 hac
756 2429 798 2453 re
829 2418 993 2463 haereo,
1036 2418 1139 2468 quod
1172 2418 1453 2456 Rhadamantis
1482 2418 1589 2465 regio

177 2485 243 2516 aut
273 2481 458 2529 Cecropia
488 2487 556 2520 aut
586 2484 772 2533 Cercopia
801 2484 929 2521 insula
959 2485 1194 2523 nominatur.
1266 2487 1364 2524 Nam
1397 2487 1589 2537 quomodo

176 2547 362 2595 Cecropia
390 2549 516 2585 insula
546 2550 571 2587 i.
607 2564 638 2588 e.
700 2553 832 2589 Attica
862 2558 966 2590 terra
997 2553 1180 2601 coniungi
1212 2554 1337 2602 possit
1368 2567 1453 2591 cum
1485 2554 1589 2590 Rha-

178 2615 368 2661 damante,
407 2616 526 2653 fratre
558 2618 702 2655 Minois
731 2620 846 2666 regis,
879 2621 944 2671 qui
977 2628 1060 2658 erat
1089 2621 1130 2657 in
1161 2621 1289 2658 insula
1319 2622 1442 2667 Creta,
1473 2620 1587 2657 intel-

174 2682 302 2731 legere
339 2697 417 2721 non
447 2698 614 2733 possum.
675 2689 804 2737 Atque
845 2688 938 2738 quid
970 2688 1043 2725 sibi
1082 2689 1179 2726 velit
1218 2689 1404 2737 Cercopia
1446 2688 1585 2734 insula,
