1857 3089
793 193 1071 234 „42-

225 309 303 332 non
347 296 465 333 semel
507 298 686 344 spectant
724 299 862 344 poetae
904 296 945 332 in
989 296 1100 333 Ilia-d.
1135 296 1179 333 Θ.
1224 296 1304 334 478
1336 310 1439 348 eqs.,
1482 293 1524 336 Ξ.
1558 296 1637 334 270

225 376 322 412 eqs.;
355 363 452 399 adde
484 364 588 413 quod
608 363 794 400 Arctinus
826 363 1003 401 Milesius
1028 364 1350 401 Titanomachian
1377 365 1639 413 composuisse

223 430 367 476 fertur,
411 434 493 467 tum
523 429 730 478 Euripides
771 430 813 467 in
844 431 1030 468 Hecubae
1060 445 1116 470 vS.
1152 432 1228 468 473
1263 443 1342 482 eqs.
1373 444 1439 469 eos
1468 432 1640 479 profert:

628 492 654 545 ἢ
690 491 863 534 Τιτάνων
894 494 1027 548 γενεάν

628 560 697 601 τάν
733 559 832 609 Ζεύς
863 560 1080 619 ἄμφιπύρῳ

628 632 771 681 κομίζει
804 634 966 686 φλογμῷ
1001 633 1217 684 Κρονίδας,-

223 700 391 749 denique
423 700 626 748 Eupolidis
657 705 696 738 et
717 701 864 739 Cratini
896 690 1106 750 supersunt
1126 702 1229 740 tituli
1261 701 1415 739 fabulae
1454 695 1639 737 Τιτάνων.

223 766 336 806 Quod
367 771 496 805 autem
528 768 605 804 iam
636 769 809 806 Naevius
839 770 932 806 belli
960 770 1098 807 Punici
1129 770 1197 807 lib.
1229 771 1259 806 Ι.
1290 770 1386 817 frag.
1425 772 1471 804 18
1516 782 1551 806 v.
1587 772 1637 805 25

222 834 283 882 (ed
319 834 447 883 Vahl.)
478 835 703 883 bicorpores
734 835 892 873 Titanos
924 841 1217 882 commemorat,
1248 837 1338 873 inde
1369 849 1454 873 mea
1484 836 1640 885 quidem

221 902 414 939 sententia
454 902 556 939 nihil
595 903 700 939 aliud
744 904 940 952 colligitur
978 905 1052 941 nisi
1099 908 1138 942 et
1167 904 1348 941 Plautum
1380 907 1419 940 et
1447 903 1639 940 Naevium

222 968 410 1005 Graecum
443 970 590 1007 fontem
623 971 889 1018 usurpavisse,
922 972 1026 1022 quod
1055 972 1352 1009 admirationem
1383 983 1538 1008 movere
1570 970 1639 1006 mi-

222 1036 326 1072 nime
356 1042 506 1085 potest,
553 1038 583 1074 si
621 1038 778 1088 quidem
810 1039 873 1076 hic
904 1040 1143 1087 tragoedias,
1175 1040 1241 1076 ille
1273 1037 1490 1076 comoedias
1521 1037 1637 1074 Grae-

222 1116 354 1141 corum
385 1105 599 1143 transtulit.

332 1308 380 1344 In
410 1308 630 1346 Poenuli
662 1323 719 1347 vs.
754 1312 844 1345 442.
878 1322 943 1346 ero
976 1308 1231 1360 quaeritanti:

425 1376 564 1413 Credin
599 1377 701 1427 quod
733 1390 804 1424 ego
836 1376 1012 1414 fabuler?

219 1455 353 1480 servus
384 1445 615 1492 respondet:

421 1512 460 1548 Si
491 1525 643 1563 nequeo
674 1513 801 1550 facere
831 1515 874 1549 ut
904 1513 1029 1558 abeas,
1062 1516 1216 1560 egomet
1245 1512 1389 1549 abiero.

420 1580 519 1616 Nam
550 1580 615 1618 isti
647 1580 804 1630 quidem
836 1580 968 1617 hercle
999 1580 1207 1617 orationist
1237 1580 1386 1628 Oedipo

422 1647 530 1695 Opus
561 1648 791 1694 coniectore,
825 1647 890 1698 qui
923 1647 1089 1696 Sphingi
1121 1647 1315 1696 interpres
1345 1647 1432 1684 fuit.

329 1716 381 1752 Et
422 1715 538 1751 simili
569 1717 682 1752 modo
713 1716 863 1753 iocatur
895 1716 1026 1753 Davus
1067 1715 1324 1753 Terentianus
1355 1715 1493 1764 (Andr.
1530 1714 1636 1761 194).

218 1782 336 1820 Dav.:
367 1796 445 1820 non
476 1783 606 1821 hercle
632 1783 829 1831 intellego.
881 1783 933 1820 Si.
965 1783 1070 1820 non?
1101 1784 1202 1820 hem.
1234 1784 1330 1821 Dav.
1363 1783 1472 1819 Non:
1505 1782 1637 1819 Davus

1004 1864 1107 1897 sum,
1140 1864 1216 1887 non
1250 1850 1433 1899 Oedipus.

217 1916 369 1957 Quibus
410 1919 560 1955 duobus
600 1918 717 1965 locis,
763 1919 829 1970 qui
871 1920 1043 1968 pendent
1085 1931 1133 1955 ex
1174 1918 1320 1956 Graeca
1360 1917 1508 1963 fabula,
1558 1916 1635 1953 col-

214 1984 325 2032 latis,
368 1986 482 2023 facile
512 1990 571 2023 est
600 1986 824 2033 intellectu,
868 1987 962 2037 quid
1003 1987 1044 2023 in
1074 1986 1152 2023 illis
1182 1986 1360 2023 versibus
1390 1985 1529 2022 Plauto
1559 1984 1635 2032 ipsi

214 2054 463 2092 tribuendum
512 2054 572 2091 sit.
645 2054 883 2091 Hominibus
938 2054 1155 2092 litterarum
1201 2054 1433 2090 Graecarum
1485 2052 1633 2101 peritis,

216 2122 350 2172 quales
381 2126 491 2159 erant
521 2121 692 2159 Terentii
724 2122 908 2168 lectores,
949 2122 1042 2160 satis
1072 2123 1228 2159 fecisset
1256 2121 1417 2170 ‘Oedipo
1450 2134 1546 2169 opus
1576 2124 1635 2157 est

215 2186 456 2235 coniectore',
497 2193 615 2239 atque
656 2189 710 2226 sic
751 2194 854 2227 certe
895 2190 1083 2238 scriptum
1114 2193 1196 2227 erat
1237 2189 1278 2225 in
1307 2189 1439 2226 fabula
1471 2189 1633 2232 Graeca;

214 2257 376 2293 Plautus
407 2261 548 2303 autem,
588 2261 630 2294 ut
659 2257 812 2294 facilius
842 2257 1148 2305 intellegeretur,
1194 2256 1383 2294 nonnulla
1414 2255 1631 2294 declarandi

214 2337 329 2361 causa
358 2324 549 2361 adiunxit.
609 2325 712 2372 Ergo
754 2326 857 2376 quod
888 2325 963 2362 iam
1002 2325 1043 2362 in
1074 2325 1277 2362 Aulularia
1307 2324 1516 2373 evicimus,
1553 2337 1633 2361 am-

212 2391 482 2440 plificationes,
516 2405 614 2442 quae
644 2393 817 2430 adiectae
849 2397 940 2430 sunt
970 2398 1013 2430 ut
1041 2405 1103 2430 res
1133 2395 1448 2440 cognosceretur,
1480 2404 1633 2440 semper

212 2459 390 2496 redolent
420 2459 615 2497 officinam
646 2460 886 2507 Plautinam,
931 2474 1017 2498 cum
1055 2473 1116 2497 res
1156 2460 1241 2508 ipsa
1271 2460 1473 2497 referenda
1504 2460 1555 2497 sit
1584 2460 1630 2496 ad

214 2527 402 2564 Graecum
444 2527 654 2575 exemplar.
717 2531 846 2578 Atque
887 2528 928 2564 in
974 2528 1092 2565 attica
1138 2527 1336 2565 comoedia
1377 2527 1477 2564 idem
1522 2527 1629 2565 iocus

212 2595 423 2632 translatus
452 2596 498 2631 ad
532 2595 769 2632 meretricias
799 2599 900 2633 artes
931 2596 978 2632 ab
1012 2596 1183 2632 Anaxila
1211 2595 1252 2632 in
1286 2593 1498 2638 Νεοττίδος
1527 2595 1630 2642 frag-

213 2667 343 2700 mento
375 2668 433 2700 est
464 2662 674 2712 (Meineck.
706 2663 784 2701 III.
815 2677 852 2712 p.
887 2663 1019 2713 348.):
