1857 3089
807 213 1084 253 -26-

239 314 447 352 διαδοῦναι
485 316 561 352 τῶν
592 312 828 364 ἐλαιουργῶν
857 314 935 350 τῶν
966 311 1007 351 ἔν
1038 310 1205 366 Μιλήτῳ
1245 313 1312 352 καὶ
1357 314 1442 367 Χίῳ
1483 312 1652 359 πάντων,

237 379 370 433 ὀλίγου
423 378 726 429 μισθωσάμενον
779 377 832 418 ἅτ’
889 376 1051 425 οὐδενός
1094 378 1385 430 ἐπιβάλλοντος·
1435 378 1567 430 ἐπειδὴ
1613 381 1649 418 δ’

239 444 261 487 ὅ
295 446 429 500 καιρός
472 442 587 498 ἧκεν,
627 448 891 497 ἐκμισθοῦντα
923 444 968 486 ὃν
1011 444 1158 497 τρόπον
1198 444 1383 496 ἠβούλετο
1430 463 1487 500 sq.
1517 463 1655 500 ‚quem

238 525 395 566 praeter
444 518 540 555 alios
587 517 728 555 multos
779 517 972 565 expressit
1011 517 1144 554 Cicero
1188 517 1233 553 de
1280 517 1440 554 divinat.
1484 518 1514 553 I.
1566 520 1653 554 111.

241 586 343 633 Ergo
390 585 562 623 Thaletis
605 584 751 622 mentio
792 584 890 621 abiit
929 585 970 620 in
1000 583 1268 632 proverbium,
1311 584 1430 634 idque
1459 596 1508 620 ex
1541 584 1657 621 attica

239 653 436 690 comoedia
465 653 695 690 translatum
737 664 821 689 esse
858 653 972 689 docet
999 651 1190 700 imprimis
1223 651 1523 699 Aristophanes,
1555 651 1656 698 apud

240 733 354 770 quem
398 720 438 756 in
470 721 600 758 avium
630 733 668 757 v.
707 722 808 756 1009
854 720 989 756 Meton
1019 719 1146 756 audit:
1187 712 1404 766 ἅνθρωπος
1437 716 1576 764 Θαλῆς.
1607 718 1655 754 cf.

242 800 396 837 quoque
426 789 517 825 nub.
556 790 653 825 180:

443 853 479 891 τί
509 849 588 902 δῆτ’
624 852 784 896 ἐκεῖνον,
816 848 883 889 τὸν
916 851 1046 900 Θαλῆν
1075 848 1356 900 θαυμάζομενς

446 917 562 972 ἄνοιγ’
599 915 717 971 ἄνοιγ’
755 915 901 963 ἀνύσας
931 914 972 956 τὸ
1005 914 1304 969 φροντιστήριον

449 986 513 1026 καὶ
547 987 671 1033 δεῖξον
703 982 755 1031 ὥς
786 982 942 1034 τάχιστά
982 999 1045 1034 μοι
1075 982 1143 1023 τόν
1173 981 1402 1035 Σωκράτην.

356 1056 402 1092 In
433 1070 489 1094 vs.
523 1059 601 1093 562
634 1069 713 1106 eqs.
783 1054 985 1103 Tyndarus
1027 1066 1162 1091 servus
1199 1053 1371 1101 Hegioni
1402 1065 1660 1102 persuasurus

243 1123 565 1172 Aristophontem
586 1123 766 1161 insanum
799 1127 837 1159 et
867 1122 974 1159 rabie
1005 1126 1160 1170 captum
1191 1133 1287 1167 esse,
1318 1121 1429 1157 illum
1461 1124 1659 1168 comparat

243 1203 327 1227 cum
359 1191 506 1228 insanis
537 1191 716 1239 tragicis:

299 1259 348 1295 Et
379 1259 534 1308 quidem
567 1259 774 1295 Alcmaeus
811 1263 927 1307 atque
960 1256 1116 1293 Orestes
1159 1261 1198 1293 et
1227 1256 1428 1305 Lycurgus
1459 1260 1595 1304 postea

299 1325 384 1361 Una
415 1339 533 1374 opera
563 1325 659 1362 mihi
690 1330 781 1362 sunt
811 1324 961 1361 sodales
991 1336 1068 1374 qua
1096 1324 1181 1368 iste,

242 1393 307 1429 ubi
350 1394 396 1429 de
429 1393 564 1431 Oreste
605 1394 735 1430 omnia
765 1396 856 1430 nota
887 1397 996 1438 sunt,
1041 1391 1209 1441 Lycurgi
1242 1396 1370 1428 autem
1400 1390 1552 1426 insania
1582 1389 1658 1425 iam

243 1460 415 1497 Homero
448 1467 541 1498 nota
571 1461 637 1510 (cf.
669 1461 780 1497 Iliad.
812 1460 851 1497 Z.
888 1463 964 1496 130
997 1459 1114 1509 eqs),
1157 1459 1198 1494 in
1230 1458 1426 1507 Lycurgia
1454 1456 1660 1504 tetralogia

246 1529 292 1565 ab
325 1528 522 1577 Aeschylo
554 1532 730 1574 tractata,
762 1528 810 1564 ab
841 1526 1031 1575 Sophocle
1064 1530 1361 1563 commemorata
1391 1530 1473 1562 erat
1503 1524 1544 1561 in
1575 1527 1655 1561 An-

242 1596 364 1643 tigou.
406 1609 462 1634 vs.
496 1600 574 1633 955
623 1609 701 1646 eqs.
773 1596 911 1645 Neque
948 1593 1159 1641 ignobilior
1197 1592 1419 1638 Alcmaeus‚
1462 1591 1659 1640 Euripidis

244 1663 377 1700 fabula
417 1658 624 1711 Ἀλκμὲωνι
674 1663 885 1712 multisque
936 1661 1022 1697 aliis
1074 1660 1309 1705 celebratus,
1362 1660 1410 1697 cf.
1456 1659 1658 1696 Aristotet.

242 1732 382 1779 poetic.
422 1737 462 1769 et
490 1732 655 1780 Antiph.
688 1732 856 1768 Poeseos
886 1730 1169 1776 fragmentum:

1056 1789 1104 1831 ἂν
1139 1790 1257 1831 πάλιν

515 1865 604 1919 εἴπῃ
635 1879 692 1909 τις
719 1860 955 1912 Ἀλκμέωνα,
986 1860 1053 1899 καὶ
1084 1857 1129 1898 τοὶ
1160 1860 1308 1905 παιδία,

515 1928 627 1970 πάντ’
658 1927 782 1976 εὖθῦς
813 1925 942 1981 εἴρηχ’,
974 1926 1034 1967 ὅτι
1065 1927 1199 1978 μανεὶς
1231 1925 1444 1966 ἀπέκτονεν

520 1997 590 2048 τήν
621 1995 751 2049 ‘uffae'
782 2013 862 2050 eqs.

360 2069 494 2115 Pergit
525 2069 727 2118 Tyndarus
757 2081 793 2106 v.
828 2070 929 2104 615:

248 2136 360 2172 modo
403 2141 630 2174 ornamenta
668 2137 829 2173 absunt:
883 2134 1041 2171 Aiacem
1082 2134 1187 2169 hunc
1230 2144 1344 2182 quam
1386 2131 1495 2169 vides
1535 2130 1661 2178 ipsum

1484 2197 1606 2234 vides.

363 2270 449 2310 Quo
480 2272 521 2308 in
553 2283 670 2309 versu
699 2274 814 2319 poeta
843 2283 922 2307 non
952 2269 1113 2317 respicit
1142 2268 1300 2304 Aiacem
1333 2278 1447 2316 quem
1478 2265 1664 2301 habemus

248 2339 289 2375 in
311 2339 453 2384 fabula,
487 2339 553 2376 sed
584 2352 683 2384 eum,
715 2350 830 2388 quem
851 2340 1160 2386 representatum
1182 2334 1358 2371 videmus
1387 2332 1427 2368 in
1449 2327 1664 2379 proscenio,

249 2419 335 2443 cum
368 2413 596 2443 ornamenta
626 2406 900 2453 adiungantur.
961 2408 1090 2453 Atque
1112 2406 1320 2450 propterea
1350 2400 1423 2436 hoc
1447 2411 1497 2435 ex
1517 2397 1663 2434 Graeco

250 2474 465 2521 exemplari
489 2474 644 2521 pendet,
668 2486 757 2509 nam
769 2473 915 2510 Romae
930 2470 1058 2507 Plauti
1075 2468 1317 2517 temporibus
1332 2467 1367 2515 ¹)
1389 2465 1521 2502 Aiacis
1542 2465 1666 2512 figura

344 2633 375 2670 1)
402 2631 456 2665 Ne-
475 2630 588 2659 videar
612 2629 687 2665 quid
724 2628 891 2663 omisisse,
927 2626 1062 2655 Plautus
1086 2628 1198 2662 quater
1222 2624 1253 2652 in
1280 2622 1397 2652 fabulis
1421 2621 1553 2659 respicit
1587 2620 1666 2649 alias

251 2689 305 2718 vel
330 2687 511 2717 comoedias
536 2686 590 2715 vel
614 2685 807 2722 tragoedias.
833 2683 874 2712 cf.
894 2682 1023 2712 Trucul.
1050 2691 1081 2710 v.
1101 2681 1175 2710 931.
1199 2679 1256 2708 ubi
1277 2677 1490 2707 Phronesium
1513 2675 1666 2705 meretrix
