<?xml version="1.0" encoding="UTF-8"?>
<!DOCTYPE html PUBLIC "-//W3C//DTD XHTML 1.0 Transitional//EN"
    "http://www.w3.org/TR/xhtml1/DTD/xhtml1-transitional.dtd">
<html xmlns="http://www.w3.org/1999/xhtml" xml:lang="en" lang="en">
 <head>
  <title>
</title>
<meta http-equiv="Content-Type" content="text/html;charset=utf-8" />
  <meta name='ocr-system' content='tesseract 3.04.00' />
  <meta name='ocr-capabilities' content='ocr_page ocr_carea ocr_par ocr_line ocrx_word'/>
</head>
<body>
  <div class='ocr_page' id='page_1' title='image "./dehistoriafabula00osteuoft_0059.png"; bbox 0 0 1857 3089; ppageno 0'>
   <div class='ocr_carea' id='block_1_1' title="bbox 755 201 1034 242">
    <p class='ocr_par' dir='ltr' id='par_1_1' title="bbox 755 201 1034 242">
     <span class='ocr_line' id='line_1_1' title="bbox 755 201 1034 242; baseline 0.004 -13"><span class='ocrx_word' id='word_1_1' title='bbox 755 201 1034 242; x_wconf 66' lang='lat'>-51-</span> 
     </span>
    </p>
   </div>
   <div class='ocr_carea' id='block_1_2' title="bbox 187 301 1606 955">
    <p class='ocr_par' dir='ltr' id='par_1_2' title="bbox 189 301 1604 420">
     <span class='ocr_line' id='line_1_2' title="bbox 189 301 1604 354; baseline 0.003 -16"><span class='ocrx_word' id='word_1_2' title='bbox 189 301 254 339; x_wconf 91' lang='lat' dir='ltr'><strong>dit.</strong></span> <span class='ocrx_word' id='word_1_3' title='bbox 299 303 427 352; x_wconf 89' lang='lat' dir='ltr'><strong>Atque</strong></span> <span class='ocrx_word' id='word_1_4' title='bbox 448 302 523 339; x_wconf 89' lang='lat' dir='ltr'><strong>hoc</strong></span> <span class='ocrx_word' id='word_1_5' title='bbox 554 302 644 339; x_wconf 91' lang='lat' dir='ltr'><strong>inde</strong></span> <span class='ocrx_word' id='word_1_6' title='bbox 675 303 805 350; x_wconf 79' lang='lat' dir='ltr'>colligi</span> <span class='ocrx_word' id='word_1_7' title='bbox 836 306 977 354; x_wconf 80' lang='lat' dir='ltr'><strong>potest,</strong></span> <span class='ocrx_word' id='word_1_8' title='bbox 1009 304 1109 354; x_wconf 86' lang='lat' dir='ltr'><strong>quod</strong></span> <span class='ocrx_word' id='word_1_9' title='bbox 1142 306 1257 340; x_wconf 81' lang='lat' dir='ltr'><strong>antea</strong></span> <span class='ocrx_word' id='word_1_10' title='bbox 1279 304 1446 350; x_wconf 61' lang='lat' dir='ltr'><strong>Stichum,</strong></span> <span class='ocrx_word' id='word_1_11' title='bbox 1478 305 1604 353; x_wconf 87' lang='lat' dir='ltr'><strong>prius-</strong></span> 
     </span>
     <span class='ocr_line' id='line_1_3' title="bbox 190 370 1095 420; baseline 0.001 -14"><span class='ocrx_word' id='word_1_12' title='bbox 190 382 302 420; x_wconf 87' lang='lat' dir='ltr'><strong>quam</strong></span> <span class='ocrx_word' id='word_1_13' title='bbox 334 370 374 406; x_wconf 90' lang='lat' dir='ltr'><strong>in</strong></span> <span class='ocrx_word' id='word_1_14' title='bbox 407 371 540 407; x_wconf 88' lang='lat' dir='ltr'><strong>aedem</strong></span> <span class='ocrx_word' id='word_1_15' title='bbox 570 371 801 418; x_wconf 78' lang='lat' dir='ltr'><strong>ingreditur,</strong></span> <span class='ocrx_word' id='word_1_16' title='bbox 834 371 929 408; x_wconf 84' lang='lat' dir='ltr'><strong>dicit</strong></span> <span class='ocrx_word' id='word_1_17' title='bbox 956 371 1095 419; x_wconf 81' lang='lat'><strong>(647):</strong></span> 
     </span>
    </p>

    <p class='ocr_par' dir='ltr' id='par_1_3' title="bbox 187 437 1606 746">
     <span class='ocr_line' id='line_1_4' title="bbox 300 437 1491 476; baseline 0.002 -2"><span class='ocrx_word' id='word_1_18' title='bbox 300 437 445 474; x_wconf 77' lang='lat' dir='ltr'><strong>eadum</strong></span> <span class='ocrx_word' id='word_1_19' title='bbox 476 439 589 475; x_wconf 91' lang='lat' dir='ltr'><strong>modo</strong></span> <span class='ocrx_word' id='word_1_20' title='bbox 620 439 713 475; x_wconf 87' lang='lat' dir='ltr'><strong>hinc</strong></span> <span class='ocrx_word' id='word_1_21' title='bbox 744 451 766 475; x_wconf 85' lang='lat' dir='ltr'><strong>a</strong></span> <span class='ocrx_word' id='word_1_22' title='bbox 796 451 856 474; x_wconf 90' lang='lat' dir='ltr'><strong>me</strong></span> <span class='ocrx_word' id='word_1_23' title='bbox 886 439 963 474; x_wconf 91' lang='lat' dir='ltr'><strong>huc</strong></span> <span class='ocrx_word' id='word_1_24' title='bbox 1005 451 1090 474; x_wconf 89' lang='lat' dir='ltr'><strong>cum</strong></span> <span class='ocrx_word' id='word_1_25' title='bbox 1121 439 1214 476; x_wconf 85' lang='lat' dir='ltr'><strong>vino</strong></span> <span class='ocrx_word' id='word_1_26' title='bbox 1246 440 1491 476; x_wconf 77' lang='lat' dir='ltr'><strong>transferam.</strong></span> 
     </span>
     <span class='ocr_line' id='line_1_5' title="bbox 187 505 1605 556; baseline 0.002 -15"><span class='ocrx_word' id='word_1_27' title='bbox 187 506 291 552; x_wconf 86' lang='lat' dir='ltr'><strong>Ergo</strong></span> <span class='ocrx_word' id='word_1_28' title='bbox 333 505 531 554; x_wconf 82' lang='lat' dir='ltr'>Dionysus</span> <span class='ocrx_word' id='word_1_29' title='bbox 572 507 646 542; x_wconf 89' lang='lat' dir='ltr'><strong>hoc</strong></span> <span class='ocrx_word' id='word_1_30' title='bbox 687 506 772 542; x_wconf 85' lang='lat' dir='ltr'><strong>loco</strong></span> <span class='ocrx_word' id='word_1_31' title='bbox 804 508 862 541; x_wconf 86' lang='lat' dir='ltr'><strong>est</strong></span> <span class='ocrx_word' id='word_1_32' title='bbox 893 505 1131 554; x_wconf 83' lang='lat' dir='ltr'><strong>metonymia</strong></span> <span class='ocrx_word' id='word_1_33' title='bbox 1162 505 1264 551; x_wconf 82' lang='lat' dir='ltr'><strong>vini,</strong></span> <span class='ocrx_word' id='word_1_34' title='bbox 1310 519 1423 556; x_wconf 89' lang='lat' dir='ltr'><strong>quam</strong></span> <span class='ocrx_word' id='word_1_35' title='bbox 1455 521 1530 544; x_wconf 92' lang='lat' dir='ltr'><strong>non</strong></span> <span class='ocrx_word' id='word_1_36' title='bbox 1565 507 1605 543; x_wconf 92' lang='lat' dir='ltr'><strong>in</strong></span> 
     </span>
     <span class='ocr_line' id='line_1_6' title="bbox 188 573 1605 626; baseline 0.002 -17"><span class='ocrx_word' id='word_1_37' title='bbox 188 573 317 610; x_wconf 81' lang='lat' dir='ltr'><strong>Plauti</strong></span> <span class='ocrx_word' id='word_1_38' title='bbox 378 574 535 610; x_wconf 89' lang='lat' dir='ltr'><strong>officina</strong></span> <span class='ocrx_word' id='word_1_39' title='bbox 577 573 805 610; x_wconf 80' lang='lat' dir='ltr'><strong>fabricatam</strong></span> <span class='ocrx_word' id='word_1_40' title='bbox 860 586 943 609; x_wconf 87' lang='lat' dir='ltr'><strong>esse</strong></span> <span class='ocrx_word' id='word_1_41' title='bbox 990 586 1122 610; x_wconf 88' lang='lat' dir='ltr'><strong>omnes</strong></span> <span class='ocrx_word' id='word_1_42' title='bbox 1169 575 1399 611; x_wconf 89' lang='lat' dir='ltr'><strong>concedunt.</strong></span> <span class='ocrx_word' id='word_1_43' title='bbox 1468 576 1605 626; x_wconf 86' lang='lat' dir='ltr'>Neque</span> 
     </span>
     <span class='ocr_line' id='line_1_7' title="bbox 189 638 1606 690; baseline 0.001 -12"><span class='ocrx_word' id='word_1_44' title='bbox 189 642 291 678; x_wconf 87' lang='lat' dir='ltr'><strong>enim</strong></span> <span class='ocrx_word' id='word_1_45' title='bbox 322 642 504 678; x_wconf 85' lang='lat' dir='ltr'><strong>Latinum</strong></span> <span class='ocrx_word' id='word_1_46' title='bbox 549 654 688 677; x_wconf 89' lang='lat' dir='ltr'><strong>nomen</strong></span> <span class='ocrx_word' id='word_1_47' title='bbox 734 640 875 677; x_wconf 86' lang='lat' dir='ltr'><strong>Bacchi</strong></span> <span class='ocrx_word' id='word_1_48' title='bbox 907 638 1049 677; x_wconf 84' lang='lat' dir='ltr'><strong>‘Liber’</strong></span> <span class='ocrx_word' id='word_1_49' title='bbox 1080 644 1313 690; x_wconf 87' lang='lat' dir='ltr'><strong>usurpatur,</strong></span> <span class='ocrx_word' id='word_1_50' title='bbox 1355 645 1399 679; x_wconf 90' lang='lat' dir='ltr'><strong>ut</strong></span> <span class='ocrx_word' id='word_1_51' title='bbox 1440 642 1481 679; x_wconf 87' lang='lat' dir='ltr'><strong>in</strong></span> <span class='ocrx_word' id='word_1_52' title='bbox 1513 643 1606 680; x_wconf 84' lang='lat' dir='ltr'><strong>Cur-</strong></span> 
     </span>
     <span class='ocr_line' id='line_1_8' title="bbox 189 708 524 746; baseline 0 -1"><span class='ocrx_word' id='word_1_53' title='bbox 189 708 353 746; x_wconf 88' lang='lat' dir='ltr'><strong>culionis</strong></span> <span class='ocrx_word' id='word_1_54' title='bbox 384 722 419 746; x_wconf 87' lang='lat' dir='ltr'><strong>v.</strong></span> <span class='ocrx_word' id='word_1_55' title='bbox 453 712 524 745; x_wconf 86' lang='lat'><strong>98:</strong></span> 
     </span>
    </p>

    <p class='ocr_par' dir='ltr' id='par_1_4' title="bbox 328 775 1492 825">
     <span class='ocr_line' id='line_1_9' title="bbox 328 775 1492 825; baseline 0.002 -13"><span class='ocrx_word' id='word_1_56' title='bbox 328 776 444 821; x_wconf 82' lang='lat' dir='ltr'><strong>salve,</strong></span> <span class='ocrx_word' id='word_1_57' title='bbox 476 776 604 813; x_wconf 90' lang='lat' dir='ltr'><strong>anime</strong></span> <span class='ocrx_word' id='word_1_58' title='bbox 636 776 698 820; x_wconf 89' lang='lat' dir='ltr'><strong>mi,</strong></span> <span class='ocrx_word' id='word_1_59' title='bbox 730 776 839 825; x_wconf 90' lang='lat' dir='ltr'><strong>lepos</strong></span> <span class='ocrx_word' id='word_1_60' title='bbox 872 775 1016 822; x_wconf 83' lang='lat' dir='ltr'><strong>Liberi,</strong></span> <span class='ocrx_word' id='word_1_61' title='bbox 1051 780 1094 813; x_wconf 92' lang='lat' dir='ltr'><strong>ut</strong></span> <span class='ocrx_word' id='word_1_62' title='bbox 1125 777 1270 814; x_wconf 87' lang='lat' dir='ltr'><strong>veteris</strong></span> <span class='ocrx_word' id='word_1_63' title='bbox 1303 790 1373 824; x_wconf 87' lang='lat' dir='ltr'><strong>ego</strong></span> <span class='ocrx_word' id='word_1_64' title='bbox 1407 791 1492 814; x_wconf 89' lang='lat' dir='ltr'><strong>sum</strong></span> 
     </span>
    </p>

    <p class='ocr_par' dir='ltr' id='par_1_5' title="bbox 907 844 1336 895">
     <span class='ocr_line' id='line_1_10' title="bbox 907 844 1336 895; baseline 0.005 -15"><span class='ocrx_word' id='word_1_65' title='bbox 907 844 1046 893; x_wconf 83' lang='lat' dir='ltr'><strong>cupida</strong></span> <span class='ocrx_word' id='word_1_66' title='bbox 1078 844 1176 893; x_wconf 85' lang='lat' dir='ltr'><strong>(scil.</strong></span> <span class='ocrx_word' id='word_1_67' title='bbox 1209 844 1336 895; x_wconf 85' lang='lat' dir='ltr'><strong>vini.),</strong></span> 
     </span>
    </p>

    <p class='ocr_par' dir='ltr' id='par_1_6' title="bbox 189 907 889 955">
     <span class='ocr_line' id='line_1_11' title="bbox 189 907 889 955; baseline -0.001 -7"><span class='ocrx_word' id='word_1_68' title='bbox 189 912 252 948; x_wconf 89' lang='lat' dir='ltr'><strong>sed</strong></span> <span class='ocrx_word' id='word_1_69' title='bbox 286 911 476 949; x_wconf 86' lang='lat' dir='ltr'><strong>Graecum</strong></span> <span class='ocrx_word' id='word_1_70' title='bbox 508 925 649 949; x_wconf 88' lang='lat' dir='ltr'><strong>nomen</strong></span> <span class='ocrx_word' id='word_1_71' title='bbox 683 907 889 955; x_wconf 84' lang='grc' dir='ltr'><em>Διόνυσος.</em></span> 
     </span>
    </p>
   </div>
   <div class='ocr_carea' id='block_1_3' title="bbox 184 1069 1605 2068">
    <p class='ocr_par' dir='ltr' id='par_1_7' title="bbox 188 1069 1605 1325">
     <span class='ocr_line' id='line_1_12' title="bbox 302 1069 1605 1121; baseline 0.003 -15"><span class='ocrx_word' id='word_1_72' title='bbox 302 1071 347 1106; x_wconf 89' lang='lat' dir='ltr'><strong>In</strong></span> <span class='ocrx_word' id='word_1_73' title='bbox 378 1070 650 1107; x_wconf 80' lang='lat' dir='ltr'><strong>Trinummi</strong></span> <span class='ocrx_word' id='word_1_74' title='bbox 683 1069 861 1107; x_wconf 85' lang='lat' dir='ltr'><strong>versibus</strong></span> <span class='ocrx_word' id='word_1_75' title='bbox 895 1073 972 1107; x_wconf 87' lang='grc'><strong>205</strong></span> <span class='ocrx_word' id='word_1_76' title='bbox 1006 1083 1098 1121; x_wconf 91' lang='lat' dir='ltr'><strong>eqs.,</strong></span> <span class='ocrx_word' id='word_1_77' title='bbox 1130 1071 1196 1107; x_wconf 91' lang='lat' dir='ltr'><strong>ubi</strong></span> <span class='ocrx_word' id='word_1_78' title='bbox 1230 1072 1503 1118; x_wconf 81' lang='lat' dir='ltr'><strong>Megaronides</strong></span> <span class='ocrx_word' id='word_1_79' title='bbox 1535 1074 1605 1110; x_wconf 91' lang='lat' dir='ltr'><strong>ho-</strong></span> 
     </span>
     <span class='ocr_line' id='line_1_13' title="bbox 188 1137 1603 1189; baseline 0.002 -14"><span class='ocrx_word' id='word_1_80' title='bbox 188 1138 359 1175; x_wconf 87' lang='lat' dir='ltr'><strong>minibus</strong></span> <span class='ocrx_word' id='word_1_81' title='bbox 381 1137 588 1184; x_wconf 82' lang='lat' dir='ltr'><strong>maledicit,</strong></span> <span class='ocrx_word' id='word_1_82' title='bbox 622 1138 686 1188; x_wconf 90' lang='lat' dir='ltr'><strong>qui</strong></span> <span class='ocrx_word' id='word_1_83' title='bbox 711 1138 841 1174; x_wconf 91' lang='lat' dir='ltr'><strong>omnia</strong></span> <span class='ocrx_word' id='word_1_84' title='bbox 859 1138 957 1175; x_wconf 88' lang='lat' dir='ltr'><strong>scire</strong></span> <span class='ocrx_word' id='word_1_85' title='bbox 981 1138 1115 1184; x_wconf 89' lang='lat' dir='ltr'><strong>velint,</strong></span> <span class='ocrx_word' id='word_1_86' title='bbox 1149 1152 1247 1189; x_wconf 89' lang='lat' dir='ltr'><strong>quae</strong></span> <span class='ocrx_word' id='word_1_87' title='bbox 1274 1140 1373 1177; x_wconf 83' lang='lat' dir='ltr'><strong>scire</strong></span> <span class='ocrx_word' id='word_1_88' title='bbox 1405 1154 1482 1177; x_wconf 91' lang='lat' dir='ltr'><strong>nou</strong></span> <span class='ocrx_word' id='word_1_89' title='bbox 1515 1154 1603 1189; x_wconf 81' lang='lat' dir='ltr'><strong>pos-</strong></span> 
     </span>
     <span class='ocr_line' id='line_1_14' title="bbox 188 1205 1452 1255; baseline 0.001 -12"><span class='ocrx_word' id='word_1_90' title='bbox 188 1207 277 1251; x_wconf 71' lang='lat' dir='ltr'><strong>sintl</strong></span> <span class='ocrx_word' id='word_1_91' title='bbox 310 1205 493 1252; x_wconf 89' lang='lat' dir='ltr'><strong>legimus:</strong></span> <span class='ocrx_word' id='word_1_92' title='bbox 536 1205 683 1251; x_wconf 84' lang='lat' dir='ltr'><strong>Sciunt,</strong></span> <span class='ocrx_word' id='word_1_93' title='bbox 716 1206 819 1255; x_wconf 89' lang='lat' dir='ltr'><strong>quod</strong></span> <span class='ocrx_word' id='word_1_94' title='bbox 850 1206 951 1242; x_wconf 86' lang='lat' dir='ltr'><strong>Iuno</strong></span> <span class='ocrx_word' id='word_1_95' title='bbox 982 1206 1197 1244; x_wconf 87' lang='lat' dir='ltr'><strong>fabulatust</strong></span> <span class='ocrx_word' id='word_1_96' title='bbox 1228 1220 1314 1244; x_wconf 90' lang='lat' dir='ltr'><strong>cum</strong></span> <span class='ocrx_word' id='word_1_97' title='bbox 1347 1209 1452 1255; x_wconf 88' lang='lat' dir='ltr'><strong>Iove,</strong></span> 
     </span>
     <span class='ocr_line' id='line_1_15' title="bbox 188 1272 1495 1325; baseline 0.002 -15"><span class='ocrx_word' id='word_1_98' title='bbox 188 1286 353 1324; x_wconf 88' lang='lat' dir='ltr'><strong>quocum</strong></span> <span class='ocrx_word' id='word_1_99' title='bbox 385 1274 563 1310; x_wconf 86' lang='lat' dir='ltr'><strong>conferre</strong></span> <span class='ocrx_word' id='word_1_100' title='bbox 594 1272 732 1309; x_wconf 89' lang='lat' dir='ltr'><strong>iubent</strong></span> <span class='ocrx_word' id='word_1_101' title='bbox 761 1273 998 1323; x_wconf 87' lang='lat' dir='ltr'><strong>interpretes</strong></span> <span class='ocrx_word' id='word_1_102' title='bbox 1030 1274 1283 1312; x_wconf 82' lang='lat' dir='ltr'><strong>Theocritum</strong></span> <span class='ocrx_word' id='word_1_103' title='bbox 1314 1274 1495 1325; x_wconf 86' lang='lat' dir='ltr'><strong>(Adon.):</strong></span> 
     </span>
    </p>

    <p class='ocr_par' dir='ltr' id='par_1_8' title="bbox 388 1335 1604 1393">
     <span class='ocr_line' id='line_1_16' title="bbox 388 1335 1604 1393; baseline 0.005 -18"><span class='ocrx_word' id='word_1_104' title='bbox 388 1335 516 1376; x_wconf 75' lang='grc' dir='ltr'><em>πάντα</em></span> <span class='ocrx_word' id='word_1_105' title='bbox 548 1342 728 1390; x_wconf 81' lang='grc' dir='ltr'>γυναῖκες</span> <span class='ocrx_word' id='word_1_106' title='bbox 774 1339 899 1377; x_wconf 81' lang='grc' dir='ltr'><em>ἴσαντι</em></span> <span class='ocrx_word' id='word_1_107' title='bbox 940 1339 1004 1377; x_wconf 79' lang='grc' dir='ltr'><strong>καὶ</strong></span> <span class='ocrx_word' id='word_1_108' title='bbox 1048 1335 1100 1385; x_wconf 70' lang='grc' dir='ltr'><strong>ὥς</strong></span> <span class='ocrx_word' id='word_1_109' title='bbox 1136 1337 1234 1386; x_wconf 70' lang='grc' dir='ltr'><em>Ζεύς</em></span> <span class='ocrx_word' id='word_1_110' title='bbox 1274 1338 1436 1393; x_wconf 78' lang='grc' dir='ltr'><em>ἤγαγεθ’</em></span> <span class='ocrx_word' id='word_1_111' title='bbox 1464 1339 1604 1393; x_wconf 59' lang='lat' dir='ltr'><strong>‘&#39;Hem&#39;-</strong></span> 
     </span>
    </p>

    <p class='ocr_par' dir='ltr' id='par_1_9' title="bbox 184 1408 1603 2068">
     <span class='ocr_line' id='line_1_17' title="bbox 298 1408 1603 1456; baseline 0.003 -11"><span class='ocrx_word' id='word_1_112' title='bbox 298 1408 570 1455; x_wconf 85' lang='lat' dir='ltr'><strong>Megaronides</strong></span> <span class='ocrx_word' id='word_1_113' title='bbox 617 1408 843 1445; x_wconf 89' lang='lat' dir='ltr'><strong>hominibus</strong></span> <span class='ocrx_word' id='word_1_114' title='bbox 900 1409 1102 1456; x_wconf 85' lang='lat' dir='ltr'><strong>omnibus,</strong></span> <span class='ocrx_word' id='word_1_115' title='bbox 1159 1410 1391 1448; x_wconf 81' lang='lat' dir='ltr'><strong>Theocritus</strong></span> <span class='ocrx_word' id='word_1_116' title='bbox 1446 1413 1603 1449; x_wconf 84' lang='lat' dir='ltr'><strong>feminis</strong></span> 
     </span>
     <span class='ocr_line' id='line_1_18' title="bbox 185 1476 1601 1531; baseline 0.003 -17"><span class='ocrx_word' id='word_1_117' title='bbox 185 1478 298 1514; x_wconf 91' lang='lat' dir='ltr'><strong>modo</strong></span> <span class='ocrx_word' id='word_1_118' title='bbox 329 1476 538 1514; x_wconf 79' lang='lat' dir='ltr'><strong>maledicit.</strong></span> <span class='ocrx_word' id='word_1_119' title='bbox 607 1477 678 1513; x_wconf 88' lang='lat' dir='ltr'><strong>Est</strong></span> <span class='ocrx_word' id='word_1_120' title='bbox 710 1476 793 1513; x_wconf 88' lang='lat' dir='ltr'><strong>sine</strong></span> <span class='ocrx_word' id='word_1_121' title='bbox 825 1477 941 1514; x_wconf 88' lang='lat' dir='ltr'><strong>dubio</strong></span> <span class='ocrx_word' id='word_1_122' title='bbox 982 1478 1233 1526; x_wconf 88' lang='lat' dir='ltr'><strong>proverbium</strong></span> <span class='ocrx_word' id='word_1_123' title='bbox 1266 1480 1466 1525; x_wconf 79' lang='lat' dir='ltr'><strong>Graecum,</strong></span> <span class='ocrx_word' id='word_1_124' title='bbox 1500 1481 1601 1531; x_wconf 93' lang='lat' dir='ltr'><strong>quod</strong></span> 
     </span>
     <span class='ocr_line' id='line_1_19' title="bbox 185 1544 1602 1597; baseline 0.004 -15"><span class='ocrx_word' id='word_1_125' title='bbox 185 1545 436 1589; x_wconf 80' lang='lat' dir='ltr'><strong>Theocritus,</strong></span> <span class='ocrx_word' id='word_1_126' title='bbox 482 1544 513 1580; x_wconf 90' lang='lat' dir='ltr'><strong>si</strong></span> <span class='ocrx_word' id='word_1_127' title='bbox 546 1544 702 1595; x_wconf 89' lang='lat' dir='ltr'><strong>quidem</strong></span> <span class='ocrx_word' id='word_1_128' title='bbox 734 1544 849 1581; x_wconf 90' lang='lat' dir='ltr'><strong>fidem</strong></span> <span class='ocrx_word' id='word_1_129' title='bbox 889 1545 1098 1582; x_wconf 83' lang='lat' dir='ltr'><strong>tribuimus</strong></span> <span class='ocrx_word' id='word_1_130' title='bbox 1140 1545 1323 1583; x_wconf 89' lang='lat' dir='ltr'><strong>carminis</strong></span> <span class='ocrx_word' id='word_1_131' title='bbox 1365 1548 1602 1597; x_wconf 84' lang='lat' dir='ltr'><strong>hypothesi:</strong></span> 
     </span>
     <span class='ocr_line' id='line_1_20' title="bbox 184 1607 1602 1664; baseline 0.004 -15"><span class='ocrx_word' id='word_1_132' title='bbox 184 1611 405 1663; x_wconf 77' lang='grc' dir='ltr'><strong><em>παρέπλασε</em></strong></span> <span class='ocrx_word' id='word_1_133' title='bbox 447 1609 487 1647; x_wconf 71' lang='grc' dir='ltr'><strong>δὲ</strong></span> <span class='ocrx_word' id='word_1_134' title='bbox 530 1607 569 1648; x_wconf 80' lang='grc' dir='ltr'><strong>τό</strong></span> <span class='ocrx_word' id='word_1_135' title='bbox 624 1607 858 1659; x_wconf 82' lang='grc' dir='ltr'><em>ποιημάτιον</em></span> <span class='ocrx_word' id='word_1_136' title='bbox 900 1610 939 1649; x_wconf 79' lang='grc' dir='ltr'><strong>ἐκ</strong></span> <span class='ocrx_word' id='word_1_137' title='bbox 982 1613 1059 1649; x_wconf 82' lang='grc' dir='ltr'><strong>τῶν</strong></span> <span class='ocrx_word' id='word_1_138' title='bbox 1101 1607 1208 1662; x_wconf 71' lang='grc' dir='ltr'><em>παρά</em></span> <span class='ocrx_word' id='word_1_139' title='bbox 1250 1610 1451 1664; x_wconf 78' lang='grc' dir='ltr'><em>Σώφρωνι</em></span> <span class='ocrx_word' id='word_1_140' title='bbox 1500 1619 1602 1654; x_wconf 85' lang='grc' dir='ltr'><em>θεω-</em></span> 
     </span>
     <span class='ocr_line' id='line_1_21' title="bbox 184 1674 1601 1730; baseline 0.004 -13"><span class='ocrx_word' id='word_1_141' title='bbox 184 1678 309 1728; x_wconf 82' lang='grc' dir='ltr'>μένων</span> <span class='ocrx_word' id='word_1_142' title='bbox 340 1674 385 1716; x_wconf 65' lang='lat' dir='ltr'><strong>ro}</strong></span> <span class='ocrx_word' id='word_1_143' title='bbox 423 1674 602 1726; x_wconf 73' lang='grc' dir='ltr'><strong>’Ἱσθμιαε</strong></span> <span class='ocrx_word' id='word_1_144' title='bbox 653 1680 818 1729; x_wconf 87' lang='lat' dir='ltr'><strong>sumpsit</strong></span> <span class='ocrx_word' id='word_1_145' title='bbox 858 1693 906 1717; x_wconf 84' lang='lat' dir='ltr'><strong>ex</strong></span> <span class='ocrx_word' id='word_1_146' title='bbox 948 1681 1163 1730; x_wconf 80' lang='lat' dir='ltr'><strong>Sophrone,</strong></span> <span class='ocrx_word' id='word_1_147' title='bbox 1195 1681 1303 1718; x_wconf 85' lang='lat' dir='ltr'><strong>cuius</strong></span> <span class='ocrx_word' id='word_1_148' title='bbox 1335 1683 1473 1721; x_wconf 90' lang='lat' dir='ltr'><strong>mimos</strong></span> <span class='ocrx_word' id='word_1_149' title='bbox 1514 1685 1601 1722; x_wconf 81' lang='lat' dir='ltr'><strong>Pla-</strong></span> 
     </span>
     <span class='ocr_line' id='line_1_22' title="bbox 184 1747 1601 1798; baseline 0.004 -13"><span class='ocrx_word' id='word_1_150' title='bbox 184 1754 317 1786; x_wconf 88' lang='lat' dir='ltr'><strong>tonem</strong></span> <span class='ocrx_word' id='word_1_151' title='bbox 348 1747 584 1785; x_wconf 87' lang='lat' dir='ltr'><strong>aemulatum</strong></span> <span class='ocrx_word' id='word_1_152' title='bbox 616 1759 699 1783; x_wconf 84' lang='lat' dir='ltr'><strong>esse</strong></span> <span class='ocrx_word' id='word_1_153' title='bbox 730 1751 848 1798; x_wconf 91' lang='lat' dir='ltr'><strong>atque</strong></span> <span class='ocrx_word' id='word_1_154' title='bbox 880 1749 1057 1785; x_wconf 84' lang='lat' dir='ltr'><strong>Athenas</strong></span> <span class='ocrx_word' id='word_1_155' title='bbox 1088 1749 1306 1797; x_wconf 86' lang='lat' dir='ltr'><strong>portavisse</strong></span> <span class='ocrx_word' id='word_1_156' title='bbox 1338 1751 1456 1789; x_wconf 87' lang='lat' dir='ltr'><strong>Duris</strong></span> <span class='ocrx_word' id='word_1_157' title='bbox 1488 1753 1601 1790; x_wconf 85' lang='lat' dir='ltr'><strong>testis</strong></span> 
     </span>
     <span class='ocr_line' id='line_1_23' title="bbox 186 1816 1602 1871; baseline 0.004 -19"><span class='ocrx_word' id='word_1_158' title='bbox 186 1820 244 1853; x_wconf 81' lang='lat' dir='ltr'><strong>est</strong></span> <span class='ocrx_word' id='word_1_159' title='bbox 274 1816 375 1865; x_wconf 90' lang='lat' dir='ltr'><strong>apud</strong></span> <span class='ocrx_word' id='word_1_160' title='bbox 409 1816 666 1852; x_wconf 87' lang='lat' dir='ltr'><strong>Athenaeum.</strong></span> <span class='ocrx_word' id='word_1_161' title='bbox 727 1816 867 1867; x_wconf 84' lang='lat' dir='ltr'><strong>Itaque</strong></span> <span class='ocrx_word' id='word_1_162' title='bbox 899 1816 1058 1853; x_wconf 89' lang='lat' dir='ltr'><strong>dubium</strong></span> <span class='ocrx_word' id='word_1_163' title='bbox 1090 1830 1174 1853; x_wconf 88' lang='lat' dir='ltr'><strong>esse</strong></span> <span class='ocrx_word' id='word_1_164' title='bbox 1206 1831 1284 1854; x_wconf 90' lang='lat' dir='ltr'><strong>non</strong></span> <span class='ocrx_word' id='word_1_165' title='bbox 1326 1823 1467 1868; x_wconf 87' lang='lat' dir='ltr'><strong>potest,</strong></span> <span class='ocrx_word' id='word_1_166' title='bbox 1507 1820 1602 1871; x_wconf 91' lang='lat' dir='ltr'><strong>quin</strong></span> 
     </span>
     <span class='ocr_line' id='line_1_24' title="bbox 184 1882 1599 1933; baseline 0.004 -13"><span class='ocrx_word' id='word_1_167' title='bbox 184 1884 279 1920; x_wconf 89' lang='lat' dir='ltr'><strong>illud</strong></span> <span class='ocrx_word' id='word_1_168' title='bbox 312 1883 563 1933; x_wconf 86' lang='lat' dir='ltr'><strong>proverbium</strong></span> <span class='ocrx_word' id='word_1_169' title='bbox 586 1882 754 1920; x_wconf 85' lang='lat' dir='ltr'><strong>Athenis</strong></span> <span class='ocrx_word' id='word_1_170' title='bbox 786 1887 921 1920; x_wconf 89' lang='lat' dir='ltr'><strong>notum</strong></span> <span class='ocrx_word' id='word_1_171' title='bbox 952 1884 1073 1922; x_wconf 87' lang='lat' dir='ltr'><strong>fuerit</strong></span> <span class='ocrx_word' id='word_1_172' title='bbox 1103 1885 1346 1933; x_wconf 87' lang='lat' dir='ltr'><strong>temporibus</strong></span> <span class='ocrx_word' id='word_1_173' title='bbox 1379 1900 1503 1925; x_wconf 84' lang='lat' dir='ltr'><strong>novae</strong></span> <span class='ocrx_word' id='word_1_174' title='bbox 1536 1901 1599 1926; x_wconf 90' lang='lat' dir='ltr'><strong>co-</strong></span> 
     </span>
     <span class='ocr_line' id='line_1_25' title="bbox 187 1951 1599 2002; baseline 0.004 -14"><span class='ocrx_word' id='word_1_175' title='bbox 187 1951 374 1998; x_wconf 88' lang='lat' dir='ltr'><strong>moediae,</strong></span> <span class='ocrx_word' id='word_1_176' title='bbox 407 1964 483 2002; x_wconf 84' lang='lat' dir='ltr'><strong>qua</strong></span> <span class='ocrx_word' id='word_1_177' title='bbox 512 1964 554 1987; x_wconf 91' lang='lat' dir='ltr'><strong>re</strong></span> <span class='ocrx_word' id='word_1_178' title='bbox 576 1952 722 1988; x_wconf 85' lang='lat' dir='ltr'><strong>factum</strong></span> <span class='ocrx_word' id='word_1_179' title='bbox 754 1955 823 1997; x_wconf 90' lang='lat' dir='ltr'><strong>est,</strong></span> <span class='ocrx_word' id='word_1_180' title='bbox 855 1957 898 1989; x_wconf 86' lang='lat' dir='ltr'><strong>ut</strong></span> <span class='ocrx_word' id='word_1_181' title='bbox 919 1951 1014 1988; x_wconf 89' lang='lat' dir='ltr'><strong>illud</strong></span> <span class='ocrx_word' id='word_1_182' title='bbox 1037 1952 1253 2002; x_wconf 72' lang='lat' dir='ltr'><strong>Sophronis</strong></span> <span class='ocrx_word' id='word_1_183' title='bbox 1284 1966 1355 2002; x_wconf 91' lang='lat' dir='ltr'><strong>per</strong></span> <span class='ocrx_word' id='word_1_184' title='bbox 1378 1956 1599 1993; x_wconf 82' lang='lat' dir='ltr'><strong>comoedias</strong></span> 
     </span>
     <span class='ocr_line' id='line_1_26' title="bbox 186 2018 892 2068; baseline -0.001 -11"><span class='ocrx_word' id='word_1_185' title='bbox 186 2020 353 2057; x_wconf 83' lang='lat' dir='ltr'><strong>Graecas</strong></span> <span class='ocrx_word' id='word_1_186' title='bbox 383 2019 424 2055; x_wconf 93' lang='lat' dir='ltr'><strong>in</strong></span> <span class='ocrx_word' id='word_1_187' title='bbox 456 2018 639 2055; x_wconf 91' lang='lat' dir='ltr'><strong>Plautum</strong></span> <span class='ocrx_word' id='word_1_188' title='bbox 670 2018 825 2056; x_wconf 85' lang='lat' dir='ltr'><strong>veniret</strong></span> <span class='ocrx_word' id='word_1_189' title='bbox 844 2019 892 2068; x_wconf 82' lang='lat'><strong>¹).</strong></span> 
     </span>
    </p>
   </div>
   <div class='ocr_carea' id='block_1_4' title="bbox 178 2175 1599 2491">
    <p class='ocr_par' dir='ltr' id='par_1_10' title="bbox 178 2175 1599 2491">
     <span class='ocr_line' id='line_1_27' title="bbox 273 2175 1599 2219; baseline 0.003 -12"><span class='ocrx_word' id='word_1_190' title='bbox 273 2180 306 2215; x_wconf 89' lang='lat'><strong>1)</strong></span> <span class='ocrx_word' id='word_1_191' title='bbox 334 2176 541 2206; x_wconf 84' lang='lat' dir='ltr'><strong>Theocritum</strong></span> <span class='ocrx_word' id='word_1_192' title='bbox 568 2175 767 2214; x_wconf 85' lang='lat' dir='ltr'><strong>Sophronem</strong></span> <span class='ocrx_word' id='word_1_193' title='bbox 794 2176 993 2214; x_wconf 78' lang='lat' dir='ltr'><strong>expressisse</strong></span> <span class='ocrx_word' id='word_1_194' title='bbox 1019 2177 1113 2206; x_wconf 84' lang='lat' dir='ltr'><strong>docet</strong></span> <span class='ocrx_word' id='word_1_195' title='bbox 1137 2176 1213 2207; x_wconf 82' lang='lat' dir='ltr'><strong>Otto</strong></span> <span class='ocrx_word' id='word_1_196' title='bbox 1238 2178 1316 2208; x_wconf 87' lang='lat' dir='ltr'><strong>Iahn</strong></span> <span class='ocrx_word' id='word_1_197' title='bbox 1342 2180 1372 2208; x_wconf 92' lang='lat' dir='ltr'><strong>in</strong></span> <span class='ocrx_word' id='word_1_198' title='bbox 1399 2181 1599 2219; x_wconf 84' lang='lat' dir='ltr'><strong>prolegome-</strong></span> 
     </span>
     <span class='ocr_line' id='line_1_28' title="bbox 180 2233 1599 2275; baseline 0.002 -11"><span class='ocrx_word' id='word_1_199' title='bbox 180 2235 230 2264; x_wconf 86' lang='lat' dir='ltr'><strong>nis</strong></span> <span class='ocrx_word' id='word_1_200' title='bbox 263 2235 302 2263; x_wconf 85' lang='lat' dir='ltr'><strong>ad</strong></span> <span class='ocrx_word' id='word_1_201' title='bbox 328 2234 430 2263; x_wconf 89' lang='lat' dir='ltr'><strong>Persii</strong></span> <span class='ocrx_word' id='word_1_202' title='bbox 456 2234 579 2262; x_wconf 86' lang='lat' dir='ltr'><strong>satiras.</strong></span> <span class='ocrx_word' id='word_1_203' title='bbox 629 2237 724 2270; x_wconf 83' lang='lat' dir='ltr'><strong>atque</strong></span> <span class='ocrx_word' id='word_1_204' title='bbox 750 2233 898 2262; x_wconf 80' lang='lat' dir='ltr'><strong>Plautum</strong></span> <span class='ocrx_word' id='word_1_205' title='bbox 936 2233 999 2262; x_wconf 84' lang='lat' dir='ltr'><strong>alia</strong></span> <span class='ocrx_word' id='word_1_206' title='bbox 1024 2234 1141 2263; x_wconf 83' lang='lat' dir='ltr'><strong>similia</strong></span> <span class='ocrx_word' id='word_1_207' title='bbox 1165 2235 1341 2273; x_wconf 83' lang='lat' dir='ltr'><strong>proverbia</strong></span> <span class='ocrx_word' id='word_1_208' title='bbox 1367 2246 1406 2265; x_wconf 84' lang='lat' dir='ltr'><strong>ex</strong></span> <span class='ocrx_word' id='word_1_209' title='bbox 1431 2236 1599 2275; x_wconf 70' lang='lat' dir='ltr'><strong>Sophrona</strong></span> 
     </span>
     <span class='ocr_line' id='line_1_29' title="bbox 178 2290 1597 2330; baseline 0.003 -10"><span class='ocrx_word' id='word_1_210' title='bbox 178 2302 235 2330; x_wconf 88' lang='lat' dir='ltr'><strong>per</strong></span> <span class='ocrx_word' id='word_1_211' title='bbox 270 2291 450 2321; x_wconf 87' lang='lat' dir='ltr'><strong>comoedias</strong></span> <span class='ocrx_word' id='word_1_212' title='bbox 489 2290 630 2319; x_wconf 80' lang='lat' dir='ltr'><strong>Graecas</strong></span> <span class='ocrx_word' id='word_1_213' title='bbox 667 2290 830 2327; x_wconf 82' lang='lat' dir='ltr'><strong>accepisse</strong></span> <span class='ocrx_word' id='word_1_214' title='bbox 863 2299 1021 2328; x_wconf 82' lang='lat' dir='ltr'><strong>apparere</strong></span> <span class='ocrx_word' id='word_1_215' title='bbox 1055 2291 1184 2320; x_wconf 83' lang='lat' dir='ltr'><strong>videtur</strong></span> <span class='ocrx_word' id='word_1_216' title='bbox 1209 2302 1246 2321; x_wconf 85' lang='lat' dir='ltr'><strong>ex</strong></span> <span class='ocrx_word' id='word_1_217' title='bbox 1290 2294 1455 2323; x_wconf 86' lang='lat' dir='ltr'><strong>nonnullis</strong></span> <span class='ocrx_word' id='word_1_218' title='bbox 1493 2295 1597 2324; x_wconf 90' lang='lat' dir='ltr'><strong>locis:</strong></span> 
     </span>
     <span class='ocr_line' id='line_1_30' title="bbox 178 2343 1593 2391; baseline 0.003 -13"><span class='ocrx_word' id='word_1_219' title='bbox 178 2350 216 2378; x_wconf 87' lang='lat' dir='ltr'><strong>es.</strong></span> <span class='ocrx_word' id='word_1_220' title='bbox 244 2349 393 2378; x_wconf 82' lang='lat' dir='ltr'><strong>Pseudol.</strong></span> <span class='ocrx_word' id='word_1_221' title='bbox 424 2350 507 2379; x_wconf 81' lang='lat'>107:</span> <span class='ocrx_word' id='word_1_222' title='bbox 534 2348 578 2376; x_wconf 86' lang='lat' dir='ltr'><strong>ita</strong></span> <span class='ocrx_word' id='word_1_223' title='bbox 603 2347 809 2385; x_wconf 83' lang='lat' dir='ltr'><strong>supercilium</strong></span> <span class='ocrx_word' id='word_1_224' title='bbox 835 2348 927 2383; x_wconf 79' lang='lat' dir='ltr'><strong>salit,</strong></span> <span class='ocrx_word' id='word_1_225' title='bbox 969 2348 1120 2378; x_wconf 85' lang='lat' dir='ltr'><strong>Theocrit</strong></span> <span class='ocrx_word' id='word_1_226' title='bbox 1146 2351 1175 2385; x_wconf 88' lang='lat'><strong>3,</strong></span> <span class='ocrx_word' id='word_1_227' title='bbox 1203 2350 1264 2379; x_wconf 85' lang='lat'><strong>37:</strong></span> <span class='ocrx_word' id='word_1_228' title='bbox 1297 2343 1476 2391; x_wconf 63' lang='grc' dir='ltr'>σ’φῖᾶαλμὸς</span> <span class='ocrx_word' id='word_1_229' title='bbox 1499 2346 1593 2382; x_wconf 74' lang='grc' dir='ltr'>ἅλλε-</span> 
     </span>
     <span class='ocr_line' id='line_1_31' title="bbox 178 2402 1591 2443; baseline 0.002 -8"><span class='ocrx_word' id='word_1_230' title='bbox 178 2415 243 2436; x_wconf 79' lang='grc' dir='ltr'><strong>ται.</strong></span> <span class='ocrx_word' id='word_1_231' title='bbox 290 2406 328 2435; x_wconf 82' lang='lat' dir='ltr'><strong>cf.</strong></span> <span class='ocrx_word' id='word_1_232' title='bbox 349 2405 524 2435; x_wconf 83' lang='lat' dir='ltr'><strong>Schneider</strong></span> <span class='ocrx_word' id='word_1_233' title='bbox 541 2405 579 2434; x_wconf 82' lang='lat' dir='ltr'><strong>de</strong></span> <span class='ocrx_word' id='word_1_234' title='bbox 597 2404 779 2442; x_wconf 83' lang='lat' dir='ltr'><strong>proverbiis</strong></span> <span class='ocrx_word' id='word_1_235' title='bbox 800 2402 960 2434; x_wconf 84' lang='lat' dir='ltr'><strong>Plautinis</strong></span> <span class='ocrx_word' id='word_1_236' title='bbox 979 2405 1247 2443; x_wconf 85' lang='lat' dir='ltr'><strong>Terentianisque</strong></span> <span class='ocrx_word' id='word_1_237' title='bbox 1271 2406 1433 2438; x_wconf 78' lang='lat' dir='ltr'><strong>dissertat.</strong></span> <span class='ocrx_word' id='word_1_238' title='bbox 1484 2409 1591 2439; x_wconf 88' lang='lat' dir='ltr'><strong>Berol.</strong></span> 
     </span>
     <span class='ocr_line' id='line_1_32' title="bbox 181 2462 275 2491; baseline 0 -1"><span class='ocrx_word' id='word_1_239' title='bbox 181 2462 275 2491; x_wconf 81' lang='lat'>1878.</span> 
     </span>
    </p>
   </div>
   <div class='ocr_carea' id='block_1_5' title="bbox 240 2518 1476 2672">
    <p class='ocr_par' dir='ltr' id='par_1_11' title="bbox 240 2518 1476 2672">
     <span class='ocr_line' id='line_1_33' title="bbox 346 2518 1407 2554; baseline 0 -6"><span class='ocrx_word' id='word_1_240' title='bbox 346 2519 493 2548; x_wconf 84' lang='lat' dir='ltr'><strong>Aulular.</strong></span> <span class='ocrx_word' id='word_1_241' title='bbox 519 2519 573 2547; x_wconf 89' lang='lat'>111.</span> <span class='ocrx_word' id='word_1_242' title='bbox 599 2520 628 2554; x_wconf 72' lang='lat'><strong>6,</strong></span> <span class='ocrx_word' id='word_1_243' title='bbox 656 2519 717 2548; x_wconf 83' lang='lat'><strong>28:</strong></span> <span class='ocrx_word' id='word_1_244' title='bbox 1097 2518 1261 2549; x_wconf 86' lang='lat' dir='ltr'><strong>Theocrit.</strong></span> <span class='ocrx_word' id='word_1_245' title='bbox 1287 2520 1329 2549; x_wconf 94' lang='lat'><strong>11.</strong></span> <span class='ocrx_word' id='word_1_246' title='bbox 1355 2519 1407 2549; x_wconf 82' lang='lat'><strong>89.</strong></span> 
     </span>
     <span class='ocr_line' id='line_1_34' title="bbox 240 2570 1437 2612; baseline 0.003 -9"><span class='ocrx_word' id='word_1_247' title='bbox 240 2575 292 2611; x_wconf 88' lang='lat' dir='ltr'><strong>qui</strong></span> <span class='ocrx_word' id='word_1_248' title='bbox 318 2583 392 2603; x_wconf 87' lang='lat' dir='ltr'><strong>ossa</strong></span> <span class='ocrx_word' id='word_1_249' title='bbox 416 2578 510 2611; x_wconf 82' lang='lat' dir='ltr'><strong>atque</strong></span> <span class='ocrx_word' id='word_1_250' title='bbox 536 2574 629 2612; x_wconf 86' lang='lat' dir='ltr'><strong>pellis</strong></span> <span class='ocrx_word' id='word_1_251' title='bbox 654 2578 738 2603; x_wconf 78' lang='lat' dir='ltr'><strong>totus</strong></span> <span class='ocrx_word' id='word_1_252' title='bbox 765 2583 833 2604; x_wconf 89' lang='lat' dir='ltr'><strong>sum</strong></span> <span class='ocrx_word' id='word_1_253' title='bbox 1031 2598 1059 2604; x_wconf 88' lang='lat'><strong>..</strong></span> <span class='ocrx_word' id='word_1_254' title='bbox 1082 2599 1088 2604; x_wconf 95' lang='lat'>.</span> <span class='ocrx_word' id='word_1_255' title='bbox 1109 2599 1114 2604; x_wconf 96' lang='lat'>.</span> <span class='ocrx_word' id='word_1_256' title='bbox 1136 2600 1141 2605; x_wconf 90' lang='lat'><em>.</em></span> <span class='ocrx_word' id='word_1_257' title='bbox 1171 2570 1257 2607; x_wconf 66' lang='grc' dir='ltr'><strong>αὐτὰ</strong></span> <span class='ocrx_word' id='word_1_258' title='bbox 1283 2572 1320 2607; x_wconf 85' lang='grc' dir='ltr'><strong>δὲ</strong></span> <span class='ocrx_word' id='word_1_259' title='bbox 1343 2571 1437 2606; x_wconf 71' lang='grc' dir='ltr'>λοιπὰ</span> 
     </span>
     <span class='ocr_line' id='line_1_35' title="bbox 427 2622 1476 2672; baseline 0.001 -13"><span class='ocrx_word' id='word_1_260' title='bbox 427 2630 554 2668; x_wconf 84' lang='lat' dir='ltr'><strong>Captiv.</strong></span> <span class='ocrx_word' id='word_1_261' title='bbox 584 2631 664 2659; x_wconf 82' lang='lat'><strong>135:</strong></span> <span class='ocrx_word' id='word_1_262' title='bbox 1029 2625 1113 2662; x_wconf 71' lang='grc' dir='ltr'>ὀστέ’</span> <span class='ocrx_word' id='word_1_263' title='bbox 1139 2627 1182 2662; x_wconf 80' lang='grc' dir='ltr'><strong>ἔτ’</strong></span> <span class='ocrx_word' id='word_1_264' title='bbox 1210 2622 1253 2671; x_wconf 66' lang='grc' dir='ltr'><strong>’ἧς</strong></span> <span class='ocrx_word' id='word_1_265' title='bbox 1277 2629 1334 2662; x_wconf 86' lang='grc' dir='ltr'><strong>καὶ</strong></span> <span class='ocrx_word' id='word_1_266' title='bbox 1359 2629 1476 2672; x_wconf 83' lang='grc' dir='ltr'>δέρμα.</span> 
     </span>
    </p>
   </div>
   <div class='ocr_carea' id='block_1_6' title="bbox 256 2686 799 2724">
    <p class='ocr_par' dir='ltr' id='par_1_12' title="bbox 256 2686 799 2724">
     <span class='ocr_line' id='line_1_36' title="bbox 256 2686 799 2724; baseline -0.002 -9"><span class='ocrx_word' id='word_1_267' title='bbox 256 2696 329 2716; x_wconf 79' lang='lat' dir='ltr'><strong>ossa</strong></span> <span class='ocrx_word' id='word_1_268' title='bbox 352 2690 446 2724; x_wconf 84' lang='lat' dir='ltr'><strong>atque</strong></span> <span class='ocrx_word' id='word_1_269' title='bbox 471 2686 564 2724; x_wconf 87' lang='lat' dir='ltr'><strong>pellis</strong></span> <span class='ocrx_word' id='word_1_270' title='bbox 588 2695 667 2722; x_wconf 85' lang='lat' dir='ltr'><strong>sum,</strong></span> <span class='ocrx_word' id='word_1_271' title='bbox 693 2686 799 2715; x_wconf 89' lang='lat' dir='ltr'><strong>miser.</strong></span> 
     </span>
    </p>
   </div>
   <div class='ocr_carea' id='block_1_7' title="bbox 1257 2743 1320 2780">
    <p class='ocr_par' dir='ltr' id='par_1_13' title="bbox 1257 2743 1320 2780">
     <span class='ocr_line' id='line_1_37' title="bbox 1257 2743 1320 2780; baseline 0 -15"><span class='ocrx_word' id='word_1_272' title='bbox 1257 2743 1320 2780; x_wconf 58' lang='lat'><strong>4⁷12</strong></span> 
     </span>
    </p>
   </div>
  </div>
 </body>
</html>
