1857 3089
196 320 309 357 quem
329 307 548 356 profectum
569 320 591 344 a
607 311 784 345 veterum
807 308 1043 345 comicorum
1063 307 1234 345 lectione
1251 309 1439 347 Catonem
1458 323 1613 360 compo-

194 374 327 420 suisse,
360 374 520 424 quaevis
552 376 634 412 fere
665 376 778 412 docet
805 375 971 424 pagina:
1002 378 1040 411 et
1070 375 1307 412 Pseudolum
1340 390 1494 428 quoque
1526 392 1612 415 eum

191 441 253 478 his
293 441 388 490 ipsis
431 441 567 478 diebus
608 442 761 491 legisse,
801 455 886 478 meo
926 441 1021 478 mihi
1063 442 1148 479 iure
1189 443 1339 480 conicio
1382 457 1431 481 ex
1472 444 1492 494 g
1537 449 1612 483 50:

193 508 284 559 quid
316 508 358 545 in
389 509 604 546 levioribus
636 510 786 555 studiis,
819 510 882 546 sed
916 514 1047 547 tamen
1079 509 1231 546 acutis?
1272 523 1388 561 quam
1420 513 1615 559 gaudebat

190 576 293 613 bello
336 590 403 613 suo
435 576 584 613 Punico
617 577 807 623 Naeviu3‚
851 589 966 628 quam
997 577 1235 614 Truculento
1268 578 1452 625 Plautus,
1497 593 1614 630 quam

191 643 405 680 Pseudulo!
482 645 660 682 Ceterum
714 644 828 695 coqui
893 657 980 682 cum
1033 645 1173 682 Medea
1230 647 1443 695 comparati
1497 660 1613 698 quam

191 724 269 747 non
313 711 433 748 alieni
471 711 550 748 sint
592 713 639 748 ab
680 712 799 749 attica
831 712 1049 758 comoedia,
1097 712 1281 749 discimus
1323 727 1371 750 ex
1411 715 1613 764 Aristoph.

192 778 310 828 equit.
359 781 482 816 1321:
539 774 606 815 τόν
650 779 787 827 Δῆμον
820 775 1036 827 ἆφεψῆσας
1078 773 1171 827 ὑμῖν
1216 775 1335 817 καλὸν
1375 778 1412 825 ἐξ
1453 779 1614 832 αἰσχροῦ

191 844 408 894 πεποίηκα,
459 846 503 883 ad
549 859 662 897 quem
706 860 861 885 versum
904 848 1066 885 adnotat
1107 847 1339 886 scholiasta:
1390 849 1518 893 καλῶς
1561 844 1613 893 ὥς

190 908 372 963 μάγειρος
404 908 531 963 ὥσπερ
563 908 590 962 ἦ
621 910 784 963 Μήδεια
815 912 972 965 λέγεται.
1023 916 1234 952 Praeterea
1255 916 1444 953 habemus
1475 917 1611 954 titulos

189 981 348 1019 Medeae
380 982 602 1018 comoediae
632 982 893 1032 Antiphanis,
926 982 1090 1027 Eubuli,
1136 983 1344 1029 Canthafi,
1389 984 1610 1021 Strattidis-

190 1062 286 1099 que,
330 1053 447 1100 atque
477 1050 617 1087 Medea
647 1050 792 1087 mentio
832 1050 1036 1088 invenitur
1074 1050 1192 1087 etiam
1233 1051 1273 1088 in
1317 1051 1458 1088 Eubuli
1506 1053 1611 1099 frag-

188 1121 320 1154 mento
353 1118 488 1167 (Mein.
521 1118 598 1155 ΠΙ.
631 1118 750 1168 260):

514 1183 549 1221 εἰ
578 1181 610 1221 δ’
642 1183 788 1236 ἐγένετο
821 1180 922 1233 κακὴ
952 1181 1051 1236 γυυή
1083 1181 1258 1233 Μήδεια.

187 1253 245 1289 De
276 1265 368 1299 rege
398 1253 540 1290 Iasone
570 1253 611 1290 in
644 1267 759 1292 versu
794 1256 871 1290 193
906 1254 954 1290 cf.
986 1253 1102 1290 infra.

299 1389 345 1425 In
389 1389 647 1426 Rudentis
689 1403 724 1427 v.
766 1392 815 1426 86
858 1402 994 1427 servus
1037 1389 1103 1439 qui
1144 1402 1243 1440 quae
1285 1393 1427 1428 ventus
1472 1391 1612 1428 fecerit

187 1456 363 1503 miratur,
396 1457 510 1494 dicit:

390 1525 478 1561 Non
510 1529 652 1563 ventus
683 1525 770 1570 fuit,
802 1538 939 1563 verum
968 1524 1183 1562 Alcumena
1214 1525 1406 1574 Euripidi.

301 1593 384 1630 Iam
406 1593 607 1643 Euripidis
629 1606 769 1630 nomen
804 1592 897 1629 satis
920 1592 1172 1639 demonstrat,
1205 1594 1307 1630 hanc
1337 1606 1418 1630 rem
1441 1594 1612 1642 pendere

189 1673 237 1696 ex
269 1659 418 1698 Graeco
450 1661 676 1710 exemplari,
709 1674 798 1698 nam
831 1660 861 1696 si
890 1660 1053 1697 Plautus
1084 1661 1160 1698 hoc
1189 1661 1420 1710 sumpsisset
1451 1674 1500 1698 ex
1532 1665 1610 1698 tra-

187 1728 328 1774 goedia
369 1730 656 1775 Romanorum,
710 1732 814 1765 certe
853 1728 938 1765 loco
982 1728 1184 1776 Euripidis
1227 1741 1313 1764 eum
1356 1728 1610 1774 nominasset,

189 1796 255 1845 qui
288 1795 514 1834 Alcmenam
545 1800 729 1834 verterat.
793 1796 919 1837 Quam
949 1809 1031 1832 rem
1063 1795 1172 1832 ludat
1201 1798 1337 1844 poeta,
1382 1810 1460 1833 non
1494 1797 1609 1834 facile

189 1867 248 1900 est
279 1863 503 1911 intellectu;
545 1868 661 1915 atque
693 1863 859 1912 primum
893 1867 1021 1913 potest
1053 1863 1196 1914 aliquis
1229 1863 1403 1910 cogitare
1434 1864 1480 1900 de
1512 1868 1606 1900 tem-

187 1935 349 1981 pestate,
382 1945 496 1983 quam
521 1932 560 1969 in
588 1932 876 1981 Amphitruone
900 1931 1084 1968 Plautina
1108 1931 1194 1981 ipsa
1220 1931 1455 1979 descriptam
1486 1932 1609 1969 habes

188 1999 233 2034 οἱ
272 2002 395 2037 1061:

605 2080 694 2105 nam
723 2067 790 2104 ubi
821 2067 972 2116 partuis
1005 2068 1096 2104 deos
1129 2066 1202 2104 sibi
1233 2067 1402 2113 invocat,

226 2135 424 2184 strepitus,
458 2134 640 2183 crepitus,
673 2135 836 2181 sonitus,
868 2135 1037 2172 tonitrus
1070 2135 1220 2173 subito:
1251 2138 1295 2172 ut
1325 2148 1491 2184 propere
1522 2139 1566 2172 ut

1102 2202 1231 2241 valide
1261 2202 1405 2240 tonuit.

300 2270 373 2307 Sed
406 2271 699 2318 Engelmannus
742 2270 900 2321 (Annal.
947 2271 981 2308 d.
1015 2271 1144 2308 Instit.
1181 2271 1286 2308 1872
1329 2284 1390 2319 pg.
1428 2271 1609 2319 14—16)

188 2351 265 2376 nou
320 2339 403 2375 sine
446 2339 577 2389 aliqua
626 2338 753 2388 specie
796 2338 1088 2387 probabilitatis
1141 2339 1258 2376 nixus
1298 2338 1456 2376 vasculo
1502 2338 1608 2387 picto

188 2407 381 2456 exposuit,
414 2406 643 2455 Euripidem
680 2406 849 2454 primum
880 2406 919 2442 in
959 2405 1146 2442 Alcmena
1178 2407 1410 2451 narravisse,
1448 2407 1610 2455 Amphi-

187 2477 387 2520 truonem,
431 2478 474 2510 ut
513 2473 673 2523 puniret
716 2487 878 2511 uxorem
921 2472 1143 2518 infidelem,
1189 2486 1272 2510 eam
1315 2475 1609 2510 combusturum

188 2542 327 2589 fuisse;
366 2542 468 2591 quod
509 2554 556 2577 ne
598 2542 741 2578 faceret
785 2555 872 2577 eum
916 2542 963 2578 ab
996 2541 1090 2579 Iove
1120 2541 1229 2589 ipso,
1276 2541 1342 2591 qui
1384 2541 1537 2578 tonitru
1570 2545 1608 2578 et

188 2609 351 2646 fulmine
383 2621 474 2645 suae
506 2608 752 2657 praesentiae
783 2609 936 2655 signum
968 2608 1097 2654 dedit,
1135 2608 1366 2656 impeditum
1398 2622 1493 2646 esse.
1547 2609 1608 2645 Ad
