1857 3089
821 207 1100 249 -56-

251 310 591 359 pertractavimus,
623 310 651 346 si
701 309 855 347 omittas
900 310 1160 359 metonymiae
1193 324 1316 357 usum,
1348 311 1467 348 dividi
1499 316 1662 359 possunt

252 378 293 415 in
323 384 451 426 partes
483 377 596 422 duas,
646 389 807 427 quarum
845 377 966 415 altera
1005 378 1226 415 continetur
1263 379 1378 415 rebus
1409 391 1459 414 ex
1488 379 1659 415 Homero

254 445 437 493 sumptis,
477 443 597 481 altera
628 444 872 492 amplectitur
901 458 962 482 res
993 458 1043 481 ex
1072 444 1283 493 tragoediis
1313 445 1377 482 vel
1407 445 1491 482 aliis
1521 445 1661 482 fabulis

255 513 448 549 deductas.
507 513 638 562 Atque
679 524 740 548 res
779 524 828 548 ex
867 513 1077 560 tragoediis
1117 518 1292 561 sumptae
1334 512 1397 548 vel
1439 512 1480 548 in
1510 518 1663 560 tragoe-

254 580 326 616 diis
368 579 463 627 ipsis
504 579 567 616 vel
606 579 647 616 in
689 580 896 617 comoediis
939 580 1054 616 simili
1086 580 1198 617 modo
1243 585 1451 628 usurpatae
1483 584 1584 616 certe
1615 580 1661 616 ad

255 647 440 684 Graecum
472 648 618 685 fontem
649 647 674 685 i.
698 660 730 684 e.
761 648 808 684 ad
855 660 995 685 novam
1027 649 1262 685 comoediam
1292 649 1466 685 redeunt.
1526 648 1663 697 Neque

256 714 377 762 magis
409 727 506 765 quae
538 728 586 752 ex
610 715 819 752 Homerica
849 716 954 763 poesi
985 716 1197 761 fluxerunt,
1228 716 1268 751 in
1292 715 1472 752 Plautina
1505 715 1661 752 officina

252 782 440 820 fabricata
480 795 561 820 esse
604 783 815 820 verisimile
855 788 934 827 est,
986 784 1076 834 quia
1116 789 1193 821 tam
1236 789 1410 821 accurate
1441 783 1662 832 percipiunt

254 850 389 887 Iliadis
428 851 598 896 fabulas,
641 855 684 888 ut
728 851 850 898 magis
881 864 900 887 e
934 850 1067 888 Graeci
1098 856 1235 899 poetae
1266 851 1423 899 ingenio
1455 863 1664 899 emanasse,

254 917 319 967 qui
350 917 446 954 illud
488 918 677 955 Graecum
719 930 871 954 carmen
914 919 1012 954 bene
1061 925 1242 963 noverat,
1287 930 1401 968 quam
1441 930 1491 955 ex
1531 917 1663 955 Latini

254 991 391 1033 poetae
412 985 541 1022 indole
565 986 764 1022 effluxisse
786 986 1002 1032 videantur,
1036 986 1102 1037 qui
1133 986 1293 1022 Iliadem
1315 990 1464 1023 tantum
1495 998 1517 1021 a
1546 984 1661 1021 Grae-

263 1052 316 1089 cis
347 1052 521 1101 accipere
552 1054 691 1102 potuit..

370 1120 734 1158 Demonstravimus
779 1120 918 1168 igitur,
973 1121 1011 1157 in
1064 1121 1225 1158 historia
1274 1120 1438 1157 fabulari
1486 1120 1666 1157 Plautum

259 1187 404 1225 Graeco
438 1188 564 1225 colore
595 1188 781 1237 pinxisse,
814 1187 1005 1225 corollarii
1035 1188 1158 1225 instar
1179 1189 1312 1225 addam
1336 1187 1542 1225 nonnullas
1573 1187 1667 1224 alias

258 1269 330 1301 res,
362 1268 411 1291 ex
433 1256 574 1306 quibus
605 1255 810 1303 colligitur,
843 1261 1083 1306 quantopere
1114 1261 1217 1293 totus
1239 1255 1400 1293 Plautus
1421 1256 1589 1304 pendeat
1618 1268 1668 1292 ex

256 1322 534 1371 exemplarium
567 1324 799 1360 Graecorum
840 1323 933 1369 fide,
975 1329 1091 1374 atque
1123 1324 1329 1360 abhorreat
1371 1336 1392 1359 a
1435 1322 1574 1360 saeculi
1608 1322 1666 1359 sui

256 1398 294 1428 et
324 1391 430 1428 urbis
452 1391 597 1428 Romae
620 1391 791 1428 moribus
816 1397 932 1441 atque
954 1391 1155 1429 institutis,
1215 1392 1284 1428 Est
1306 1391 1407 1428 enim
1431 1395 1507 1428 tam
1531 1403 1662 1438 presso

261 1460 359 1509 pede
380 1464 547 1497 sectatus
578 1464 752 1496 auctores
783 1472 882 1504 suos,
915 1463 957 1496 ut
988 1459 1093 1495 nulla
1123 1459 1192 1496 fiat
1213 1459 1358 1496 mentio
1381 1458 1569 1506 pecuniae
1591 1458 1670 1494 Ro-

261 1540 396 1564 manae
432 1527 472 1563 in
506 1526 730 1572 comoediis,
773 1527 838 1563 sed
870 1526 1092 1576 ubicunque
1124 1526 1223 1563 fiunt
1253 1527 1371 1563 verba
1415 1526 1461 1561 de
1493 1525 1670 1569 nummis,

261 1607 413 1643 semper
442 1594 672 1643 respiciatur
699 1599 901 1642 argentum
935 1594 1177 1639 Graecorum,
1211 1594 1310 1631 sicut
1341 1593 1511 1631 ostendit
1544 1592 1673 1630 Christ

261 1663 300 1699 in
335 1663 445 1699 Iahni
478 1663 576 1700 anal.
609 1664 657 1699 97
700 1676 762 1711 pg.
797 1665 887 1699 345.
948 1662 1097 1699 Deinde
1129 1663 1231 1712 quod
1262 1662 1419 1698 minime
1450 1661 1670 1698 admiratio-

262 1744 349 1767 nem
382 1744 537 1768 movere
568 1734 716 1779 potest,
763 1730 946 1780 quoniam
986 1730 1167 1767 cohaeret
1207 1743 1292 1767 cum
1330 1735 1412 1766 toto
1453 1729 1671 1766 fabularum

261 1804 488 1846 argumento
521 1797 688 1845 Graeco,
730 1799 863 1835 domus
895 1810 1009 1848 quam
1040 1797 1207 1834 vidimus
1248 1797 1286 1834 in
1321 1797 1549 1842 comoediis,
1594 1808 1672 1832 non

264 1867 410 1904 Romae
442 1871 639 1904 exstructa
669 1873 746 1912 est,
787 1867 851 1903 sed
885 1865 1051 1903 Athenis
1081 1865 1143 1902 vel
1175 1865 1214 1901 in
1246 1865 1321 1901 alia
1350 1865 1445 1901 urbe
1477 1863 1672 1901 Graeciae.

265 1938 326 1971 An
357 1940 399 1972 tu
430 1947 563 1972 censes
594 1948 683 1972 casu
713 1935 857 1971 factum
889 1946 983 1979 esse,
1015 1939 1058 1970 ut
1077 1933 1225 1970 etiamsi
1250 1932 1471 1969 nominatur
1492 1931 1671 1969 atriensis

265 2015 402 2039 servus
434 2002 586 2050 saepius
617 2015 730 2052 quam
764 2001 902 2047 semel,
948 2000 1054 2037 nulla
1094 2000 1317 2037 inveniatur
1346 2000 1491 2037 mentio
1532 1998 1670 2044 atrii,

263 2071 462 2107 Romanae
494 2070 628 2107 domus
658 2070 779 2118 partis
801 2067 1033 2117 primariae?
1055 2068 1089 2115 ¹)
1150 2068 1289 2105 Insunt
1318 2080 1410 2105 vero
1441 2067 1481 2103 in
1508 2067 1671 2103 aedibus

355 2184 387 2219 1)
412 2182 460 2211 Ne
486 2182 562 2219 quid
586 2181 732 2211 omisisse
756 2181 878 2216 videar,
904 2180 937 2209 in
960 2180 1069 2209 Aulul.
1095 2181 1177 2209 518:

719 2242 804 2267 stant
830 2237 1027 2275 phylacistae
1051 2237 1084 2265 in
1109 2236 1207 2271 atriis,

263 2294 417 2324 habemus
442 2296 636 2324 mentionem
661 2294 822 2331 atriis75ed
847 2297 1001 2331 quantum
1025 2303 1084 2331 ego
1109 2293 1219 2322 videre
1245 2302 1391 2330 possum,
1418 2292 1490 2336 huic
1514 2292 1584 2321 loeo
1608 2300 1672 2320 non

264 2351 342 2380 fides
366 2351 536 2381 tribuenda
571 2356 635 2387 est⁷
671 2361 745 2380 nam
777 2357 889 2388 aperta
922 2350 1156 2380 retractationis
1181 2349 1319 2387 vestigia
1351 2358 1429 2386 prae
1463 2358 1496 2377 se
1521 2348 1581 2377 fert
1605 2351 1672 2376 tota

265 2407 321 2436 illa
345 2417 449 2437 scena.
499 2412 529 2437 et
561 2408 601 2437 ad
634 2408 706 2437 illos
740 2416 853 2436 versus
878 2408 1042 2436 variorum
1076 2412 1255 2443 temporum
1292 2405 1436 2434 homines
1461 2404 1672 2433 contribuisse

264 2464 431 2501 videntur,
465 2465 549 2502 quod
573 2474 655 2494 unus
680 2464 814 2501 quisque
838 2463 1011 2501 intellegit,
1049 2463 1103 2500 quj
1128 2463 1207 2491 hanc
1233 2471 1360 2491 scenam
1386 2461 1567 2499 perlegerit.
1614 2461 1674 2490 Ille

264 2530 342 2550 vero
360 2530 483 2557 versus,
510 2531 571 2559 quo
589 2521 769 2551 continetur
796 2520 868 2549 atrii
893 2520 1021 2555 mentio,
1046 2523 1218 2557 propterea
1244 2528 1369 2556 quoque
1396 2519 1510 2556 dignus
1535 2521 1593 2553 est,
1619 2518 1674 2555 qui

264 2578 433 2614 reiciatur,
471 2578 556 2616 quod
590 2587 653 2607 una
677 2587 748 2607 cum
773 2577 973 2606 antecedenti
999 2580 1030 2606 et
1063 2576 1244 2613 insequenti
1268 2579 1377 2613 turpat
1401 2584 1579 2604 connexum
1604 2584 1673 2604 sen-

262 2634 454 2670 tentiarum,
480 2636 607 2672 qualem
629 2638 766 2672 poscunt
790 2642 902 2662 versus
929 2635 992 2663 520
1017 2641 1103 2670 eqs.:

557 2691 735 2727 Ducuntur,
761 2690 855 2719 datur
879 2698 953 2720 aes:
991 2689 1155 2718 absolutos
1179 2697 1312 2718 censeas
1338 2697 1403 2725 eqs.
