1857 3089
724 209 1008 249 -13.-

158 313 199 352 ἐν
237 309 402 365 Ἐφεσίῳ
449 308 752 360 Μένανδροςῑ).
823 312 897 348 Sed
939 323 1060 346 unum
1102 309 1143 345 in
1187 307 1313 344 medio
1358 306 1581 356 relinquere

159 395 285 430 cogor,
317 393 407 417 nam
437 393 523 417 cum
555 380 753 417 mentione
785 379 930 416 securis
961 376 1164 424 ancipitis,
1196 374 1455 411 Tenediorum
1488 373 1582 410 civi—

160 450 251 487 tatis
283 447 383 496 signi
404 447 471 484 ille
502 447 609 484 locus
631 446 797 495 perspici
820 444 954 493 possit,
987 456 1032 480 ea
1063 456 1162 493 quae
1193 446 1412 492 sequuntur
1441 441 1583 478 verba:

218 515 342 554 Multa
372 514 466 551 mihi
498 514 684 562 imperas,
720 511 873 560 Apollo.
912 523 1016 547 nunc
1047 523 1170 561 equos
1200 509 1356 546 iunctos
1387 509 1498 545 iubes

215 583 360 631 Capere
383 594 443 618 me
464 581 684 625 indomitos,
715 579 868 625 ferocis,
899 584 1016 628 atque
1038 578 1080 614 in
1111 589 1265 614 currum
1287 576 1525 621 inscendere,

215 650 267 688 Ut
288 663 359 698 ego
381 650 485 686 hunc
505 653 700 696 proteram
723 647 888 692 leonem,
913 645 1100 691 vetulum,
1132 644 1314 689 olentem,
1344 643 1582 680 edentulum.

159 717 266 754 illam
306 716 477 753 fabulam
515 715 708 762 respicere
747 713 892 750 Tenuis
932 716 1097 761 possunt
1135 716 1296 759 propter
1338 711 1580 748 nominatum

158 784 402 833 Apollinem,
448 783 550 832 quod
594 787 637 819 ut
667 782 887 819 evincerem
928 793 978 817 ex
1008 779 1093 827 ipsa
1132 778 1287 823 fabula,
1328 778 1474 814 frustra
1516 778 1581 813 ad-

158 852 233 888 huc
280 862 436 899 operam
484 849 639 887 navavi.
708 849 756 885 Ni
798 847 933 893 fallor,
977 848 1072 883 haec
1114 850 1289 894 spectare
1332 849 1496 893 possunt
1537 845 1582 880 ad

159 918 273 955 aliam
305 917 496 962 fabulam,
538 929 653 966 quam
695 929 764 953 nos
796 914 1016 964 perspicere
1059 926 1138 950 non
1170 925 1396 960 possumus,
1445 925 1528 948 cum
1562 924 1584 948 a

164 985 440 1022 Meneaechmo
472 990 516 1021 ut
545 984 629 1020 viro
660 984 798 1020 insano
836 995 914 1019 non
946 981 1114 1018 dilucide
1145 984 1378 1029 exponatur.

274 1053 321 1088 In
351 1065 468 1089 versu
499 1054 578 1087 900
613 1051 889 1087 Menaechmus
922 1049 1193 1099 conqueritur:

217 1121 325 1161 Quae
357 1132 417 1156 me
449 1119 543 1156 clam
576 1125 682 1156 ratus
713 1132 795 1154 sum
828 1118 966 1162 facere,
998 1128 1043 1152 ea
1074 1116 1204 1152 omnia
1234 1115 1296 1152 hic
1329 1115 1422 1152 fecit
1456 1115 1579 1163 palam

219 1188 429 1231 Parasitus,
461 1185 528 1235 qui
560 1198 620 1221 me
652 1184 863 1232 complevit
892 1183 1016 1231 flagiti
1050 1188 1089 1220 et
1118 1182 1350 1227 formidinis,

218 1257 328 1292 Meus
360 1254 494 1291 Ulixes
526 1265 594 1289 suo
626 1252 691 1302 qui
723 1252 803 1299 regi
838 1256 989 1288 tantum
1022 1250 1194 1287 concivit
1224 1249 1379 1285 malum.

161 1323 246 1364 Quo
270 1322 377 1359 Ioco:
411 1321 522 1357 Meus
544 1320 697 1356 Ulixes:
728 1320 848 1356 habet
879 1319 1040 1355 eandem
1072 1318 1151 1355 vim
1184 1324 1300 1367 atque
1332 1317 1370 1353 in
1405 1317 1584 1354 Pseudol.

159 1405 215 1428 vs.
251 1392 382 1427 1063:
425 1388 537 1424 Visso
582 1387 673 1437 quid
706 1400 834 1423 rerum
877 1399 984 1422 meus
1026 1385 1162 1422 Ulixes
1201 1385 1334 1432 egerit.
1406 1385 1501 1421 Nam
1545 1385 1585 1421 iu

160 1459 221 1495 his
252 1455 466 1493 enuntiatis
497 1467 565 1502 per
597 1454 858 1503 metonymiae
901 1453 1062 1501 figuram
1107 1452 1235 1489 Ulixis
1281 1452 1427 1489 mentio
1459 1452 1587 1500 posita

161 1530 220 1562 est
250 1537 320 1573 pro
344 1522 447 1560 socio
479 1522 542 1564 vel
562 1522 740 1559 adiutore
764 1534 861 1567 meo,
894 1521 996 1571 quod
1020 1533 1070 1556 ex
1101 1534 1282 1557 connexu
1304 1520 1585 1557 sententiarum

164 1596 340 1641 apparet.
399 1591 473 1627 Sed
506 1603 625 1626 unum
656 1589 842 1635 addimus,
875 1589 949 1626 hoc
979 1588 1063 1625 loco
1087 1588 1318 1625 vocabulum
1352 1588 1466 1635 regis,
1499 1601 1585 1623 cum

164 1659 270 1697 Ulixi
313 1672 390 1694 non
444 1662 665 1705 opponatur
714 1670 785 1693 rex
826 1660 1117 1704 Agamemnon,
1168 1656 1281 1692 modo
1336 1655 1584 1691 referendum

163 1740 246 1763 esse
283 1727 328 1762 ad
361 1727 573 1774 parasitum
616 1729 654 1760 et
686 1724 1002 1769 Menaechmum,
1036 1737 1112 1773 quo
1144 1723 1189 1760 fit
1219 1728 1262 1760 ut
1293 1723 1343 1759 sit
1373 1735 1443 1758 rex
1474 1735 1584 1770 para-

159 1794 312 1842 phrasis
363 1792 542 1831 vocabuli
596 1791 763 1839 patroni.
835 1794 964 1841 Atque
1008 1790 1097 1828 talis
1149 1790 1383 1837 significatio
1427 1803 1585 1838 prorsus

161 1863 345 1898 abhorret
374 1861 422 1896 ab
454 1873 525 1896 usu
549 1860 823 1904 Romanorum,
857 1858 923 1908 qui
957 1870 1071 1908 quam
1094 1858 1350 1895 vehementer
1371 1857 1587 1894 vitaverint

162 1941 298 1966 vocem
330 1928 432 1975 regis
475 1927 597 1974 magis
638 1931 773 1964 notum
806 1931 864 1963 est
897 1939 1011 1975 quam
1044 1932 1086 1962 ut
1130 1925 1210 1962 sint
1239 1925 1278 1961 in
1311 1925 1348 1961 id
1382 1925 1493 1973 plura
1525 1938 1585 1960 su-

162 1997 310 2033 menda.
371 1996 418 2031 In
451 1994 612 2031 Graecia
641 2007 746 2039 vero,
778 1994 845 2030 ubi
868 1999 992 2030 aetate
1016 2006 1139 2029 novae
1172 1992 1392 2029 comoediae
1410 1997 1586 2039 satrapae

163 2068 202 2101 et
240 2075 481 2100 successores
521 2063 623 2110 regis
665 2061 881 2098 Alexandri
923 2073 1034 2108 reges
1078 2061 1381 2096 nominabantur
1428 2061 1475 2096 ab
1519 2060 1586 2105 eis,

164 2144 327 2181 quorum
358 2131 514 2179 patroni
546 2134 672 2176 erant,
705 2130 772 2166 illa
804 2129 1085 2166 consuetudine
1117 2128 1339 2177 appellandi
1374 2127 1429 2164 uti
1462 2127 1585 2163 homi-

259 2344 289 2386 1)
316 2346 468 2375 Fortasse
506 2346 603 2374 etiam
628 2345 689 2374 hoc
715 2348 764 2374 est
798 2344 988 2373 nonnullius
1012 2342 1188 2378 momenti,
1227 2351 1300 2370 nam
1337 2342 1369 2370 in
1397 2351 1428 2370 v.
1456 2343 1518 2371 842
1547 2341 1586 2370 de

166 2402 373 2439 lampadibus
398 2402 590 2431 ardentibus
615 2401 716 2430 verba
740 2401 841 2438 fiunt,
868 2400 952 2438 quod
980 2399 1179 2428 vocabulum
1205 2402 1252 2427 est
1278 2398 1422 2427 Graecae
1451 2398 1588 2435 originis

168 2467 272 2495 neque
296 2458 382 2495 apud
407 2459 509 2487 ullum
535 2458 729 2495 scriptorem
756 2458 940 2494 invenitur,
966 2456 1028 2485 uisi
1054 2456 1141 2494 apud
1167 2456 1259 2483 Varr.
1288 2455 1324 2483 R.
1345 2455 1382 2483 R.
1410 2456 1438 2483 3.
1469 2456 1519 2490 18,
1549 2456 1585 2483 9:

168 2523 255 2542 nunc
280 2524 374 2543 cursu
401 2515 553 2552 lampada
577 2514 636 2543 tibi
663 2514 774 2542 trado:
813 2518 844 2542 et
869 2513 955 2551 apud
992 2513 1122 2541 Luci-et.
1162 2514 1191 2540 2.
1219 2513 1279 2541 79:
1314 2510 1406 2547 quasi
1438 2520 1587 2539 cursores

170 2570 255 2598 vitae
279 2570 431 2607 lampada
457 2570 608 2606 tradunt3
643 2570 699 2598 sed
725 2570 811 2607 apud
846 2570 959 2598 ambos
984 2569 1160 2605 scriptores
1185 2567 1438 2605 proverbialiter
1463 2567 1586 2595 dictum

169 2631 219 2655 est
242 2630 273 2655 et
299 2626 491 2654 translatum
517 2635 555 2654 ex
582 2625 732 2661 Graecia,
763 2626 817 2654 ubi
845 2627 979 2654 iuvenes
1004 2629 1036 2654 et
1061 2634 1157 2653 cursu
1183 2628 1213 2653 et
1240 2623 1390 2661 lampade
1416 2623 1588 2652 certabant

170 2683 210 2712 es.
237 2683 335 2712 Jahn.
363 2683 403 2711 ad
428 2683 518 2711 Pers.
546 2682 603 2712 vl.
632 2684 685 2711 61.
