1857 3089
815 193 1067 233 -8-

235 298 315 332 tum
348 300 387 331 et
416 295 589 332 adiutum
629 307 729 331 anno
763 297 855 331 565.
895 307 927 332 a.
959 308 995 331 u.
1027 308 1058 332 c.
1090 308 1175 332 cum
1206 295 1345 334 Fulvio
1375 296 1577 334 Nobiliore
1607 296 1647 332 in

237 361 429 398 Aetoliam
470 361 686 408 profectum
718 373 821 407 esse,
868 366 910 398 ut
942 361 1080 398 Plauto
1112 362 1204 399 tivo
1237 363 1383 400 Romae
1425 377 1502 400 non
1534 364 1648 401 valde

236 430 407 473 floreret,
439 428 542 464 unde
573 428 760 478 sequitur,
794 440 880 464 eum
911 428 1040 466 Plauti
1073 434 1199 466 aetate
1230 443 1308 466 non
1339 434 1417 466 tam
1449 443 1563 478 saepe
1593 430 1649 466 fa-

234 495 345 532 bulas
377 495 514 542 egisse.
575 493 726 534 Quibus
758 508 807 531 ex
836 496 952 532 rebus
984 501 1166 544 apparet,
1204 497 1400 534 Romanos
1431 497 1649 545 tragoedias

238 562 366 609 legere
397 575 475 598 non
505 562 701 610 potuisse,
741 563 842 612 quod
875 574 1107 613 quamquam
1140 576 1161 599 a
1192 564 1390 601 comoedia
1420 565 1466 601 ad
1497 569 1648 612 tragoe-

237 629 336 665 diam
382 628 671 675 transtulimus,
723 635 851 666 tamen
900 642 1012 666 nemo
1055 631 1130 667 erit
1171 631 1236 681 qui
1280 631 1397 669 stulte
1437 631 1648 676 iudicatum

236 701 411 742 censeat,
454 709 539 733 cum
582 710 660 733 non
691 697 845 744 ignoret
885 703 923 734 et
964 698 1203 745 tragoediam
1242 706 1281 736 et
1322 699 1558 735 comoediam
1600 711 1650 735 ex

234 762 376 799 eisdem
409 763 655 801 incunabulis
696 768 799 801 ortas
840 777 923 801 esse
964 778 1090 815 neque
1132 765 1255 802 solum
1287 766 1538 814 tragoediam,
1583 778 1649 802 ve-

232 843 317 866 rum
359 831 474 867 etiam
516 831 753 867 comoediam
792 832 838 867 ad
871 832 1032 868 eandem
1069 844 1150 868 rem
1182 833 1439 880 spectavisse,
1477 833 1646 882 denique

235 918 289 923 —
324 909 451 948 neque
482 898 555 934 hoc
586 897 712 934 levius
744 902 802 933 est
831 920 884 924 —
918 899 1051 934 eodem
1084 911 1226 946 genere
1253 911 1415 947 poeseos
1446 900 1648 937 contineri.

346 965 421 1001 Sed
453 965 574 1001 altera
605 964 729 1001 oritur
760 964 957 1015 quaestio,
998 978 1089 1001 num
1122 966 1287 1002 Romani
1320 966 1471 1003 fabulas
1501 967 1543 1002 in
1573 971 1648 1004 tra-

234 1032 382 1079 goediis
414 1037 589 1080 peractas
616 1031 836 1079 perspicere
858 1031 1068 1079 potuerint.
1130 1031 1374 1083 Quamquam
1405 1034 1539 1081 negari
1570 1047 1648 1070 non

232 1104 387 1146 potest,
431 1099 596 1136 Graecas
635 1098 786 1135 litteras
831 1098 1025 1136 Plautinis
1067 1101 1307 1148 temporibus
1339 1101 1485 1137 Romae
1528 1101 1649 1138 cultas

233 1179 327 1211 esse,
360 1171 489 1203 tamen
521 1179 673 1214 semper
704 1166 882 1213 cogitetis
913 1167 1041 1213 velim,
1073 1167 1178 1204 illam
1210 1168 1426 1205 litterarum
1459 1168 1648 1216 cognitio—

235 1246 323 1269 nem
356 1240 394 1271 ct
425 1234 604 1271 notitiam
635 1234 676 1270 in
706 1234 792 1271 istis
822 1234 981 1271 familiis
1006 1235 1196 1281 floruisse,
1231 1248 1278 1272 ex
1301 1236 1443 1286 quibus
1474 1248 1550 1271 una
1581 1248 1649 1272 no-

232 1301 382 1338 tissima
413 1302 525 1338 nobis
566 1307 625 1338 est
655 1314 750 1349 gens
781 1301 1017 1350 Scipionum.
1086 1302 1133 1338 Ei
1174 1307 1303 1340 autem
1349 1303 1414 1353 qui
1448 1302 1650 1339 Plautinas

235 1369 454 1406 comoedias
493 1370 741 1417 spectabant,
790 1369 876 1406 illas
918 1370 1068 1406 fabulas
1109 1371 1317 1418 spectando
1363 1370 1650 1418 cognoscebant

233 1440 352 1486 atque
383 1436 496 1473 valde
529 1436 715 1473 differunt
745 1437 792 1473 ab
825 1436 880 1473 eis
912 1437 977 1487 qui
1010 1437 1165 1483 gloriari
1198 1442 1410 1485 potuerunt
1441 1450 1480 1474 se
1503 1437 1649 1473 Graeco

235 1516 342 1540 more
375 1505 558 1541 educatos
590 1516 684 1541 esse.
744 1506 875 1554 Atque
906 1504 935 1540 si
959 1509 1071 1541 erant
1100 1505 1173 1542 hoc
1197 1506 1309 1541 modo
1331 1504 1513 1550 instituti,
1546 1508 1648 1540 certe

232 1570 418 1608 libentius
448 1572 599 1609 fabulas
628 1571 732 1619 ipsas
755 1571 919 1608 Graecas
949 1572 1129 1620 legerunt
1159 1585 1273 1622 quam
1304 1572 1390 1609 illas
1411 1572 1531 1609 latine
1560 1583 1646 1608 ver-

232 1651 304 1674 sas.
366 1639 474 1675 Adde
508 1640 610 1689 quod
642 1651 769 1689 neque
800 1651 982 1689 umquam
1016 1640 1161 1676 Rornae
1201 1639 1280 1675 ludi
1313 1639 1454 1677 scenici
1494 1641 1549 1676 ita
1580 1650 1646 1674 ex-

233 1709 380 1742 structa
410 1712 521 1743 erant
551 1710 595 1743 ut
616 1705 793 1751 Athenis,
827 1719 911 1743 cum
943 1719 1021 1742 non
1051 1719 1073 1742 a
1103 1707 1253 1743 civibus
1284 1709 1647 1755 representarentur

234 1772 405 1819 civibus,
447 1774 511 1824 qui
544 1775 643 1810 bene
676 1773 816 1810 eruditi
846 1779 972 1820 erant,
1016 1775 1081 1810 sed
1113 1775 1160 1811 ab
1190 1775 1448 1812 histrionibus
1478 1772 1648 1811 incultae

233 1847 353 1889 atque
383 1841 466 1876 rudi
500 1841 604 1889 plebi
625 1840 662 1888 2)
694 1841 907 1877 delectandi
941 1853 1064 1888 causa,
1097 1854 1196 1891 quae
1227 1842 1353 1879 minus
1385 1842 1648 1879 delectabatur

232 1906 319 1954 ipsa
349 1907 479 1944 fabula
511 1921 624 1958 quam
656 1908 932 1954 histrionibus,
972 1909 1035 1959 qui
1070 1921 1151 1945 eam
1184 1911 1518 1958 representabant.
1575 1910 1646 1944 At-

236 1987 312 2025 que
345 1974 400 2011 illi
433 1976 536 2023 plebi
570 1988 722 2023 semper
752 1975 917 2021 fabulae,
950 1989 1049 2026 quae
1071 1977 1350 2026 mythologiam
1381 1977 1480 2014 alius
1511 1975 1646 2025 populi

231 2049 522 2090 excerpserunt,
555 2056 680 2080 novae
712 2048 828 2093 atquc
858 2043 1055 2081 inauditae
1088 2057 1170 2081 esse
1203 2045 1437 2091 debuerunt,
1479 2050 1518 2080 et
1548 2056 1647 2080 uuus

231 2110 397 2160 quisque
439 2112 643 2157 concedet,
701 2111 817 2147 talem
860 2111 1013 2159 plebem
1059 2111 1134 2148 iam
1177 2111 1454 2161 psychologica
1496 2111 1646 2148 ratione

231 2177 322 2213 novi
366 2177 515 2228 aliquid
553 2191 631 2215 non
666 2179 795 2215 statim
838 2184 1043 2227 penetrare
1073 2180 1267 2228 potuisse,
1310 2180 1375 2217 sed
1415 2179 1520 2216 aliud
1561 2191 1647 2215 cum

231 2244 306 2280 alio
341 2245 552 2283 miscuisse.
615 2245 723 2286 Quae
754 2259 838 2283 cum
870 2247 926 2284 ita
956 2247 1053 2293 sint,
1093 2248 1251 2284 dubium
1283 2260 1366 2284 esse
1397 2261 1474 2284 non
1506 2251 1645 2295 potest,

203 2343 205 2345 .
231 2312 325 2362 quin
357 2312 424 2348 illa
454 2313 564 2360 plebs
595 2315 771 2350 Romana
814 2314 965 2351 fabulas
997 2315 1229 2352 Graecorum
1262 2315 1525 2364 mythologiae
1567 2326 1645 2349 non

232 2379 388 2416 novisse
420 2393 547 2431 neque
578 2388 732 2429 praesto
765 2383 908 2419 habere
940 2382 1123 2430 potuerit,
1156 2395 1242 2419 cum
1272 2382 1314 2418 in
1335 2382 1463 2418 Plauti
1496 2393 1645 2417 comoe-

322 2490 353 2533 1)
379 2493 419 2521 cf.
444 2493 592 2522 Momms.
617 2493 636 2521 1.
663 2494 683 2521 l.
719 2494 774 2530 qui
813 2494 890 2522 dicit
914 2494 1035 2523 Romae
1061 2493 1218 2523 Graecam
1257 2493 1422 2522 seientiam
1457 2493 1552 2522 valde
1590 2492 1645 2521 flo—

230 2549 344 2578 ruisse.

322 2604 354 2644 2)
380 2607 420 2634 cf.
448 2606 595 2635 Momms.
621 2607 675 2643 qui
701 2606 852 2643 exponit:
879 2616 912 2635 es
936 2616 1003 2635 war
1028 2607 1079 2635 ein
1103 2606 1284 2642 Publicum,
1312 2606 1369 2635 wie
1395 2615 1469 2635 man
1494 2615 1528 2635 es
1553 2606 1647 2634 heute

228 2661 260 2689 in
288 2660 410 2691 Gratis·
435 2664 500 2691 und
525 2663 983 2700 Feuerwerksvorstellungen
1009 2663 1116 2692 findet.
